1000 1624
780 62 835 102 141.
66 113 772 175 Eskimos herbey geſchaft. D. 25tn gieng die
61 157 810 228 Sloop nach S. Johns ab, Br. Layriz hielt noch
57 204 810 272 verſchiedene geſegnete Conferenzen u Reden,
66 244 794 310 übergab in der Gemeinſtunde am 26tn
64 286 801 361 nach einer Rede über die Heut: Looſung den
66 332 807 405 Brrn Johan Schneider, Jens Haven u Jo⸗
68 373 813 454 ſeph Neißer mit dem Friedens⸗Kuß ihre
64 429 820 500 ſchriftℓn Ordinationen, Erſterem zum Prediger
69 479 814 540 u den andern zu Diaconis, machte d. 25ten
75 518 814 593 ſeinen Verlaß mit uns, den er uns ſchriftℓ.
71 568 770 639 hinterließ u verabſcheidete ſich mit uns
73 617 820 679 beym Bundes⸗Kelch unter einem innigen
74 667 488 733 Gefühl der Nähe Jeſu.
78 702 824 770 Theure Gemeine! bey aller Mangelhaf⸗
70 756 823 825 tigkeit die wir an uns auch in dieſem Jah⸗
75 802 827 865 re, beſonders in der Liebe unter einander
74 848 795 912 gewahr worden ſind, finden wir doch
72 896 804 960 unzehlige Urſache dem Heiland für Sein
86 942 813 1007 gnädiges Beken̅tniß zu uns zu dancken u
78 989 830 1048 vornemℓ. auch für Seine bisherige Gnadenar⸗
75 1030 828 1099 beit an den hieſigen armen Heiden die uns aufs
81 1079 829 1150 künftige Hofnung gibt. Wir empfehlen uns auch
88 1129 832 1192 ferner nebſt der hieſigen Nation Deinem
80 1173 824 1236 treuen Andencken, das wir beſonders
85 1220 800 1287 heuer bey der Viſitation unſerer l.
88 1269 840 1344 Geſchwiſter Layriz danckbar empfunden
91 1332 239 1384 haben.
