1000 1622
131 75 194 115 10.
147 120 915 177 als am 4tel jährigen Bußtage waren die
139 164 919 225 lettiſchen Verſamlungen an ihren gewöhnℓ.
140 209 886 261 Orten. Es wurde die 4te u 5te Lection
142 246 914 307 der Paſſions⸗Geſchichte geleſen u die ge⸗
145 296 893 352 ſchloßenen Häuflein hatten die Liturgie
140 343 901 398 zum Haupt voll Blut u Wunden. Wir
145 386 916 442 hatten einen ausgezeichneten Gnadentag
145 428 913 496 heißt es im Berichte von Pohdin, dafür
146 482 894 537 ſey unſerm gecreuzigten Gott u Mar⸗
143 525 906 583 terman̅ ewig Lob u Danck gebracht, von
146 571 904 624 uns ſeinen armen Sündern, die nun ſo
148 613 903 671 ſelig genießen, was Er uns ſo ſauer er⸗
142 660 902 718 worben hat. D. 10tn früh waren die Ver⸗
144 704 909 765 ſamℓn der Kinder u nach der Rede, wurden
143 753 899 813 diejenigen von den Kindern abgeſondert,
145 801 901 860 welche zu den Knaben u heranwachſenden
144 847 911 908 Mädgen ſolten gethan werden. Nachmitt:
146 895 900 952 war die Lection der Paßions Geſchichte
139 938 881 1002 mit einem beſondern Gnaden⸗Gefühl
146 981 907 1046 begleitet. Sodann wurde den geſchloße
143 1029 865 1090 nen Häuflein eine Rede geleſen über
146 1075 845 1139 die Worte: Der Märtyrer für uns.
145 1126 907 1188 Den̅ was Er ausgeſtanden das hat ver⸗
142 1176 883 1232 dienet meine Seel. Die Lection aus
142 1221 910 1284 der Paſſions⸗Geſchichte hatte ſchon ſeℓ. Wir⸗
141 1268 909 1329 ckung auf die Herzen gehabt u dieſe Rede
142 1320 903 1385 machte nun die application auf jedes
774 1368 905 1421 armes
