1000 1624
801 77 871 121 145.
83 119 814 173 Alle drängten ſich an uns. Ein Mann
86 166 811 218 aber von Kangertlorſoack, Jn̅ellack
86 209 823 267 der vorigen Winter in Nain beſucht u
86 251 820 304 das Evangelium aufmerckſam ange⸗
87 288 841 350 hört hat, der nun hier war, um ſich ein
84 341 838 393 Boot zu bauen, brachte ſie in Ordnung
90 386 839 441 daß ſie mir alle zuhörten. Jch ſagte
81 435 814 492 dann alle Menſchen wißen daß ein
81 470 836 539 Schöpfer iſt. Das wißt ihr auch. Nach⸗
82 525 817 582 dem Er nun die Welt geſchaffen hat u
79 571 835 627 die Menſchen darauf ungehorſam wor⸗
83 609 818 674 den ſind u geſündiget haben, ſo iſt Er
82 657 840 719 ſelber ein Menſch u von einer Jung⸗
82 704 778 765 frau geboren worden, hat Fleiſch u
79 752 831 815 Blut an ſich gehabt wie ihr, iſt 30 Jahr
81 805 817 863 in der Welt herum gegangen u hat
81 848 827 904 den Menſchen Seinen Willen kund ge⸗
82 893 815 956 than, daß ſie ſich nemℓ. bekehren u
84 942 842 998 von ihrem böſen Wege abſtehen ſollen
84 990 782 1046 u zu Jhm zu kom̅en. Den̅ ſagte Er:
90 1034 842 1091 Jch will für euch ſterben u mein Blut
85 1088 780 1145 für euch vergießen u wen ihr zu
80 1128 837 1188 mir kom̅en wollt: ſo will ich eure Her⸗
81 1182 835 1230 zen waſchen in meinem Blute, wel⸗
85 1224 851 1278 ches ich für alle Menſchen vergießen
83 1266 842 1323 will. Er iſt darauf an das Creuzes
85 1308 821 1383 Holz gehängt worden, hat 5 Wunden
