1000 1624
155 83 235 127 150.
171 133 917 187 die hier waren, wegen ſeiner Unordnung
172 178 922 233 von unſerm Schiff wegweiſen. Das verdroß
162 220 922 276 die übrigen gar ſehr, ſie thaten ihr möglichſtes
172 270 916 324 zu verhindern, daß wir hier einen Lots be
165 307 927 367 käm̅en, da der unſrige den Weg nicht wei⸗
158 354 926 408 ter wuſte, auch ſtelten ſie mir die Wei⸗
165 393 911 448 tere Reiſe nach Norden auf alle Weiſe
174 447 926 505 gefährlich vor u ſagten auch, es wären
166 489 916 553 keine Wallfiſchbeine mehr daſelbſt. Jch
163 540 914 596 erwiederte aber, ich ſey nicht gekom̅en
162 576 915 649 Wallfiſchbeine zu kaufen, mein Haupt⸗
164 629 894 688 Zweck ſey mit den Leuten bekan̅t zu
166 673 885 728 werden u ihnen etwas vom Heiland
171 710 924 781 zu ſagen. D. 19tn kamen 2 Arbartocker,
164 760 924 830 die abgeſchickt waren um Freundſchaft
168 817 911 882 zu machen, ſie erzehlten weitläufig
172 863 907 927 was zwiſchen ihnen u den Europäern
173 915 896 958 vorgekom̅en wäre. Unter andern
172 950 901 1013 ſagte der eine: Die Europäer haben
174 1001 923 1056 meinen Vater auf dem Schiff getöd⸗
169 1043 900 1103 tet u ich habe ſeit dem mit dieſen
172 1097 869 1153 meinen Händen etlichen Europäern
170 1143 913 1200 das Leben genom̅en; nun aber wol
167 1190 920 1249 len wir gern aufhören böſes zuthun
169 1244 912 1292 wen̅ du uns lieben willſt, wie du
163 1287 905 1342 die übrigen Menſchen liebſt u nicht
163 1335 897 1397 böſe auf uns ſeyn. Wir wollen
802 1378 891 1438 auch
