1000 1623
136 79 169 117 4.
148 124 875 182 u die Schwierigkeiten, welche die Brr. unter
147 165 907 228 den Heiden finden, mahlten wir uns heute
141 216 909 272 recht lebendig vor u wir empfahlen die ar⸗
140 261 912 319 men Heiden ſowol, als die Zeugen die der l.
152 300 913 362 Hld. unter ſie geſtellt hat, dem durch ſtoche⸗
146 346 918 406 nen Herzen Jeſu u baten Jhn, Geiſt u Feuer
149 392 904 455 auf ihr Zeugniß zu legen, damit noch viel
147 442 925 494 tauſend Heiden zum Lohn ſeiner Schmerzens
146 487 899 538 möchten geſamlet werden. D. 15tn reiſten
146 525 911 589 Geſchw. Peter Heſſens nach dem Dörptiſchen
151 576 914 634 ab. Der Schlitten ſchmiß durch die Unerfah⸗
141 626 884 678 renheit des Kutſchers 3 mal um u zwar
150 666 909 724 einmal in einen Graben, der l. Hld. bewahr⸗
147 714 876 764 te ſie aber vor Schaden. D. 27tn wurde in
148 762 916 816 der Verſamlung der Unaufgenom̅enen u
163 807 918 867 Fremden aus der Epiſt: an die Galat: im 5tn Cap
142 852 911 910 vom 16tn Vers bis zu Ende geleſen. Das wa
154 900 910 954 ren heilſame Erin̅erungen an unſer Volck
150 944 914 1002 heiſt es im Bericht von Pohdin. Der Heiℓ.
146 989 916 1051 Geist gab den Worten Kraft u ein jeder
151 1041 902 1098 ſahe wer er ohne Gnade u ohne den Hld.
146 1085 915 1144 wäre. Die Wercke des Fleiſches ſind ſo of⸗
150 1134 913 1191 fenbar, wie die Wercke des Geiſtes. Wer
144 1182 909 1244 nun die Gnade im Blut Jeſu geſchenckt
148 1228 903 1282 bekom̅en hat, der danckt dem l. Hld. dafür
145 1272 915 1334 u wird recht geſtärckt u erquickt bey der⸗
146 1321 896 1390 gleichen Lectionen, wie die heutige war u
802 1377 892 1424 wem
