1000 1624
807 79 879 126 149.
100 132 808 193 Europäer werden euch gut bewachen. Sie
102 172 833 232 ſagten: Wir wollen nicht ſtehlen, auch nicht
95 215 846 282 hingehen nach Süden. Jch antwortete: Jch habe
95 265 845 321 noch keinen von euren Landsleuten geſehen
97 304 845 368 der geſagt hätte: ich will ſtehlen, ſondern
107 347 843 413 ſie ſagen alle: Wir wollen nicht ſtehlen u doch
103 388 847 457 ſind große Diebe unter euch. Wer aber künf⸗
92 437 809 507 tig ſtiehlt der ſoll geſtraft werden. Wir
94 485 851 549 bekamen auch hier einen neuen Loots u fuhren
92 531 852 594 am 15ten ab. Alle Kajacke begleiteten uns. Der
96 576 851 638 oben erwehnte Hexenmeiſter Aweinack brach⸗
92 622 845 685 te mir Worte, daß er zwar jezt nichts habe,
96 675 849 736 mir zum Zeichen ſeiner Freundſchaft ein Ge⸗
99 719 843 780 ſchenck zu machen; er wolte mir aber näch⸗
100 759 828 821 ſten Winter ein Geſchenck von Renthierfett
89 809 813 867 u von dem Wallfiſch den er zu bekom̅en
96 854 819 922 hofte, ſchicken. Jch bedanckte mich u ſagte,
85 907 841 968 daß ich kein Geſchenck von ihm verlange, wen̅
89 954 839 1006 ich aber hören würde, daß er aufhörte Bö⸗
98 992 834 1052 ſes zu thun: ſo würde mir das genug u ich
92 1042 839 1102 ſein Freund ſeyn. D. 17ten bey Sonnen⸗Un⸗
82 1094 823 1149 tergang kamen wir in Kangertlorſoack
93 1135 814 1201 eine Meile von den Zeltpläzen u d. 18ten
100 1186 821 1241 früh um 9 Uhr bey den Wohnungen der
92 1236 816 1288 Eskimos vor Ancker. Jch ging gleich ans
98 1287 838 1336 Land u redete mit ihnen von unſerm Haupt⸗
108 1333 842 1393 Zweck. Jch muſte einen der Arbartocker
