1000 1624
833 75 859 112 5.
77 120 848 184 wem das fehlt, dem ſagt ſein eigen Gewißen
70 167 823 230 mehr als wir ihm ſagen dürfen u der Heiℓ.
79 212 833 275 Geiſt gibt nicht zu, daß \ſich/ jemand bey einer
79 255 848 319 ſolchen Beſchreibung des natürlichen \u/ begna⸗
74 302 842 367 digten Menſchen betrüge. Dem geſchloße⸗
76 346 821 405 nen Häuflein wurden Reden gehalten. Br:
76 389 830 448 Kegala Peter ſagte in der Verſamlung in
70 433 849 499 Lohdes unter andern: Die Liebe des Heilands
79 479 830 548 iſt gegen uns ſo weit gegangen, daß ſie
75 534 841 594 nicht weiter hätte gehen kön̅en, Sein gan⸗
78 576 823 634 zes Leben war ein Leiden, was koſtete
81 622 821 682 ihn nicht die Buße für unſere Sünden?
78 666 800 726 Was ſtand Er am Oelberge aus u wie
80 708 845 776 war Jhm zu muthe am Creuz da Er ſchrie,:
78 754 812 828 Mein Gott, mein Gott warum haſt du
79 804 852 876 mich verlaßen? Das hat Er alles gethan, um
83 847 853 913 uns die Seligkeit zu erwerben u wie lan
83 901 836 969 ge iſt Er uns nachgegangen, bis Er uns
80 946 841 1005 Gnade widerfahren laßen konte u uns
80 995 839 1049 hernach auf Seinen Tod miteinander ver⸗
75 1033 829 1106 bunden hat; Er hat uns auch die tägliche
82 1084 846 1149 Unterredungsſtunde mit Jhm deswegen
83 1137 803 1196 gegeben, damit wir tägℓ. bekanter mit
84 1186 815 1245 Jhm werden ſollen u tägℓ. in̅e werden,
82 1231 826 1291 wie wir mit Jhm ſtehen u damit wir,
83 1274 835 1335 wen̅ wir finden, es fehlt bey uns, gleich
85 1325 851 1400 wieder Gnade u Abſolution erbitten von
