1000 1622
148 73 176 112 6.
160 124 915 185 Jhm. wie Er gegen Petrum u die Maria
152 171 916 232 Magdalena geſinnt war, da ſie geſün⸗
149 215 907 277 diget hatten, ſo erfahren wir Jhn auch noch
151 267 908 311 u wir wollen nun auch in den Geſell⸗
159 306 876 359 ſchaften mit ein ander darüber reden,
148 350 917 401 was Er an einem jeden in dieſem erſten
148 393 910 457 Monate, dieſes Jahres Gutes gethan hat.
156 439 916 502 Hierauf wurden die Geſellſchaften gehalten,
146 489 876 537 u es fanden ſich Gottlob viele die einen
156 535 923 591 ſeℓn Monat gehabt u manche Beſuche vom
153 583 915 636 l. Heiland genoßen haben, die andern a⸗
155 621 912 675 ber beklagten die verlornen Stunden. D. 1tn
154 671 886 727 Febr früh um 7 Uhr gieng die Schweſter
162 724 906 772 Powalckin ſelig heim. D. 2tn früh waren
156 760 911 821 die Wittwer u Wittwen zur Feyer ihres Chor⸗
155 810 905 868 feſtes an 4 Orten beyſamen. Jn Poh⸗
156 857 902 913 din waren 9 Wittwer u 72 Wittwen.
159 900 882 965 Es heißt von daher: Dieſes Chor genoß
155 951 902 1002 einen gnädigen Beſuch vom l. Hld. Von
159 992 915 1057 〚daher heißt es〛 den Wollmariſchen 〚Wollma〛
154 1038 890 1100 〚rischen〛 Wittwen ſchreibt Br. Skester Peter:
159 1089 907 1148 Es wurden ſo viel Sünder⸗ u Liebesthrä⸗
149 1145 907 1199 nen vergoßen, von unſern mehrentheils
155 1185 913 1243 alten u armen Wittwen, daß man ſa⸗
154 1230 912 1296 he u fühlte, wie herzℓ. wohl ihnen war in
155 1279 915 1340 der Nähe des Marterman̅es. D. 3tn früh
155 1322 911 1386 waren die Verſamlungen der Kinder.
833 1369 875 1429 Jn
