1000 1624
819 69 841 125 3.
83 118 846 182 jungen Barons u lezterer als Haushofmei
78 168 846 223 ſter. Beyde waren danckbar für das, was
76 205 844 270 ſie bey ihrem Aufenthalt in Orellen genoßen.
75 255 847 310 D. 5tn wurde den Claßen unſerer lettiſchen
74 295 835 357 Eheleute in Pohdin eine überſezte Rede gele
76 341 845 402 ſen. Ein gleiches geſchahe bey den Wollma⸗
76 383 846 447 riſchen Eheleuten, die in Gaides verſamlet
77 432 856 487 waren durch Br. Skester Peter, welcher ſchreibt:
78 476 845 535 Wir ſchämten uns, legten die Hand auf den
75 521 807 581 Mund und ſagten zum Hld: Jſts möglich
77 572 809 628 Sünder ſo zu lieben, die dir gemacht ſo
74 612 839 673 viel Betrüben? D. 6/17 früh waren in Kryp
81 658 843 724 pen, die Knaben zur Feyer ihres Chorfeſtes
78 709 834 765 beyſam̅en. Nachmitt: waren Fremden⸗
82 748 842 818 ſtunden. Von den Geſellſchaften die heu⸗
74 804 830 863 te gehalten wurden, heißt es im Bericht
74 851 834 911 von Benza: heute hörten wir, was der
80 893 831 952 l. Hld. ſeit dem neuen Jahr bis hieher an
79 941 797 1002 den armen Herzen gethan hat. Ach wir
78 985 836 1049 ſind nicht vermögend Jhm genugſam zu
73 1034 834 1091 dancken, für alle Gnade, die Er uns ſeit
77 1084 838 1144 der Zeit hat widerfahren laßen u wir kon⸗
74 1136 843 1186 ten im Abendſegen mit Beyſtim̅ung un⸗
79 1181 844 1241 ſerer Herzen ſingen: Du uns ſo nahes We⸗
78 1231 822 1280 ſen, mehr als man ſagen kan, du biſt
74 1273 838 1327 bey uns geweſen, ich bet in Demuth an!
85 1319 839 1387 Jm Bericht von Pohdin heißt es: Die Noth
