1000 1623
822 75 856 119 9.
66 121 835 184 te Jeſu mit unter mengten Choralen gele⸗
68 162 840 233 ſen. Es heißt davon im Bericht von Pohdin:
61 205 843 273 Ach wie beſchämt ſtunden wir da, bey den
61 247 841 318 Worten: der größte unter euch ſoll aller
65 290 839 361 Diener ſeyn; u bey der Vermeßenheit Petri
67 339 837 408 mit ſeinem Herrn in den Tod zu gehen, ſa
66 387 813 446 hen wir ein Bild, wie weit es mit uns
65 430 802 491 armen Menſchen gehet, wen̅ wir nicht
71 474 814 536 wißen, wer wir ſind u unſern Kräften
74 525 822 584 etwas zu trauen. D. 7tn machte Br. Peter
77 569 841 638 Heſſe dem geſchloßenen \Häuflein/ die von der Unit⸗
72 610 839 683 Aelt: Conferenz für die lettiſchen Geſchw.
77 659 804 724 gezogene Looſung bekan̅t: Wir ſollen
64 704 828 775 nicht gefallen an uns ſelber haben, den̅
71 752 836 826 auch Chriſtus nicht Gefallen an Sich ſelber
71 797 791 870 hatte. Jeſu eynu hilf mir dazu! Er
73 852 840 913 erin̅erte zugleich, daß ein jedes dieſe Loo⸗
78 893 838 956 ſung, die wir als eine Ermahnung aus
73 939 837 999 dem Munde des Heilands ſelbſt anzu⸗
78 985 834 1051 ſehen hätten, vor dem Heiland überden⸗
75 1030 838 1098 cken, ſich dabey unterſuchen u wahrneh⸗
64 1081 834 1147 men möchte, was Er ihm durch den H. Geiſt
74 1130 825 1195 dabey ſagen wolte. Wir hätten wol zu
72 1176 835 1239 nichts weniger Urſach, als Gefallen an
70 1229 802 1286 uns ſelber zu haben, indeß ſeyn wir
76 1277 828 1337 zu allem aufgelegt wen̅ unſere Herzen
65 1320 829 1390 vom Heiland abgewendet wären. D. 8tn
