1000 1623
828 86 861 116 7.
80 127 846 184 Jn der in Lohdes waren ſie etwas unru⸗
80 174 798 228 hig; als nun Br. Kegala Peter in die
80 213 844 277 Verſamℓ. kam fragte er einige Kinder: wie
82 265 801 328 geht es euch? Sie antworteten, es geht
73 311 798 364 uns allen recht wohl. Br. Peter ſagte
79 353 850 407 weiter, das muß ich näher unterſuchen u.
85 391 846 460 fragte die übrigen Kinder: Jſt das wahr
81 442 845 503 was dieſe geſagt haben? Sie antworte⸗
82 485 848 549 ten: Nein; ſie ſind unruhig u leichtſin⸗
80 540 853 592 nig geweſen. Br. Peter ſagte weiter: was
82 586 844 639 ſollen wir nun mit denen machen, die
82 623 844 683 die Unwahrheit geredet haben? Derglei⸗
79 669 843 733 chen Kinder gehören nicht in die Kinder⸗
80 715 825 779 Verſamlungen. Die Schuldigen fiengen
84 769 846 819 an zu weinen u baten die übrigen um
80 808 838 870 Vergebung. D. 17tn waren in Lohdes die
80 857 807 916 Kinder von 3 geschloßenen Häuflein
82 901 819 970 beyſam̅en u Br. Kegala Peter hielt
82 951 848 1007 ihnen eine Rede in welcher er ihnen den
73 991 825 1054 Anfang der Faſten⸗Zeit bekan̅t machte
84 1042 847 1100 u ſie erin̅erte die Marter⸗Jeſu ihre Wei
82 1087 844 1155 de ſeyn zu laßen. Er machte ihnen da⸗
86 1137 825 1197 bey des Heilands zärtliches u mit Liebe
87 1187 847 1247 erfültes Herz dergeſtalt vor, daß viele
79 1236 853 1292 Augen dabey naß wurden. D. 24tn 〚wur〛
83 1281 832 1343 wurde den Eheleuten eine Chor Rede des
87 1327 827 1399 l. Br. Johan̅es über den Vers geleſen:
