1000 1624
833 77 850 114 1.
356 138 515 181 No. I.)
107 166 794 253 Beylage zur 4tn Woche 1774
302 222 664 276 enthaltend folgende
87 257 842 334 Auszüge aus eingelaufenen Nachrichten
81 313 845 384 I.) Auszug aus dem Berichte der lettiſchen Di⸗
110 371 799 423 aspora, vom Jan. bis Ende Juny 1773
104 433 842 507 Das vorige Jahr hatten die Arbeiter in ih⸗
92 489 847 553 ren Versamlungen ſünderhaft beſchloßen u
91 532 848 598 das neue ſelig angefangen. D. 1tn Jan. früh
94 582 850 644 ſtellten ſich dan̅ unſerm l. HErrn die Chöre
94 632 840 689 zur Abſolution u ſegnen dar. Bey allen
90 675 841 734 wurde über ihre neue Jahres⸗Loosung ge⸗
89 714 808 781 redet. Von den led Brüdern u. Knaben
92 767 848 831 heißt es: Die Sünderthränen über man⸗
91 815 807 879 ches ſchmerzliche, das im vorigen Jahr in
89 862 848 925 dieſen Chören vorgekom̅en, floßen häufig
90 905 839 968 bey dieſer Rede u. endigten ſich mit Lob
89 954 842 1015 u Danck, des geduldigen, langmüthigen
89 1000 830 1061 u mitleidigen Hohen prieſters, der ſelbst
87 1047 857 1110 gut weiß, wie zu muthe ſey dem Kra\n/cken.
88 1096 840 1155 Von den led. Schweſtern heißt es: Wir
85 1150 826 1199 nahmen die Loosung aus dem Munde
87 1190 812 1244 unſers l. Heilandes an, u es war uns
85 1240 825 1293 dabey, als wen̅ uns die Gnadenſonne
84 1283 853 1346 zum neuen Jahr beſtrahlte u wir faßten
86 1328 854 1394 Muth, uns mit allem Elend Jhm zu über⸗
