1000 1624
163 68 239 110 142.
192 122 897 189 Nun folgt noch ein Auszug aus Bruder
172 175 905 211 Jens Havens Brieff von der Reiſe die er
171 214 927 270 nebſt Br. James Rhode auf der Sloop George,
177 261 930 297 geführt von Mr Willſon von Nain aus, nach
174 303 860 361 Norden gethan hat im Aug. u Sept 1773.
173 349 927 402 D. 2.tn Aug liefen wir in Begleitung des Kö⸗
173 396 928 459 niglichen Kriegs Schooners geführt von Lieu⸗
171 442 925 498 tenant Curtis von Unity Harbour aus. D. 7tn
172 487 926 546 kamen wir bey Kivertluck vor Ancker. Eini⸗
168 536 929 598 ge Kivertlocker kamen uns in ihren Kajacken
168 588 926 641 entgegen, einige aber machten ein großes
166 631 920 691 Geſchrey, bis ſie mich ſahen, dan̅ wurden ſie
168 678 919 739 ſtill u freuten ſich mich zu ſehen. Jch ließ
167 728 921 784 mich gleich ans Land ſezen. Die meiſten
152 769 922 828 Män̅er aber waren auf der Renthier Jagd.
164 821 897 875 Den wenigen zurück gebliebenen Män̅ern
161 867 921 920 u den Weibern u Kindern erzehlte ich un
162 910 920 962 ſern Zeweck u ſie waren ordentℓ. u hörten
166 950 918 1015 gern zu. Jch gieng darauf mit 2 Knaben
162 1001 913 1055 über Land, etwa 2 engliſche Meilen weit
158 1046 888 1104 zu ihren Winter Häuſern. Sie verlangten
166 1094 902 1154 gar ſehr, daß wir kom̅en u bey ihnen
149 1144 870 1205 wohnen ſolten, daher ſie ihr Land gar
150 1191 913 1248 ſehr lobten. D. 8tn gieng ich wieder ans
141 1241 907 1290 Land u redete in den Zelten von dem
152 1280 868 1350 großen Wunder daß Gott Menſch
153 1329 909 1395 geworden iſt, u uns mit Seinem Blu
820 1382 860 1445 te
