1000 1624
131 69 154 107 2.
138 122 918 177 laßen ganz u gar. – Nachmittags waren
138 163 915 225 zuerſt die Verſamlungen für die Unaufge⸗
136 215 912 263 nom̅enen, in welchen ſie erin̅ert wurden, daß
138 256 916 312 abermal ein Jahr verfloßen wäre, in welchem
140 295 911 350 der Hld. Seinen Zweck noch nicht mit ihnen er⸗
139 338 916 397 reicht habe, ſie möchten Jhm alſo von dieſem
138 381 908 442 Tage an, ihre Herzen nicht länger vorenthalten,
145 432 911 493 ſondern lieber heute völlig hingeben. Die Be⸗
142 481 908 537 ſchreibungen dieſes Tages ſtim̅en in ihren
139 527 914 585 Berichten alle darin̅ überein, daß ſie einen
140 572 906 631 ganz beſondern Gnaden⸗Beſuch des l. Hlds.
139 618 912 682 genoßen haben, der viel ſeliger gefühlt wor⸗
135 670 914 719 den, als ſie vermögend wären Worte davon
133 708 902 774 zu machen. D. 3tn gieng die led Schw: Gib⸗
134 756 901 812 baias Thrine ſelig heim. Sie war die meh⸗
138 802 897 859 reſte Zeit ihres Sterbens⸗Lebens kranck
131 848 871 912 u verlor vor 3 Jahren ihr Geſicht, beſuchte
131 897 904 961 aber dem ohngeachtet die Gemein u Chor⸗Ge
131 934 888 1005 legenheiten. Man konte in Wahrheit von
134 987 901 1052 ihr ſagen, daß ſie keine Freude in u an
134 1039 904 1103 der Welt \hatte/. Sie wurde von dem geschloße⸗
132 1084 873 1147 nen Häuflein unterhalten, u von ihrem
133 1128 899 1197 Chor mit der nöthigen Kleidung verſorgt.
142 1172 887 1248 Jhr Herz hieng veſte am l. Hld. u Er ſtillte
129 1229 819 1293 heute ihre Sehnſucht bey Jhm zu ſeyn.
129 1276 908 1332 Die Brr: Wäiblinger u Hagen reiſten nach			a?
123 1319 906 1393 Lenzenhof ab. Erſterer als Hofmeiſter des
819 1373 913 1423 jungen
