1000 1624
805 75 879 119 143.
87 124 818 182 te erkauft hat. D. 9tn nahm der Lieutenant
92 165 840 220 Curtis Abſchied von uns u kehrte mit dem
84 212 839 265 Kriegs Schooner zurück. Wir kamen A⸗
80 250 822 308 bends vor eine enge Durchfahrt konten
82 300 838 354 aber auch nicht eher hinein, als d. 12tn, nach⸗
79 344 839 404 dem wir die Nacht zuvor in großer Ge⸗
85 391 842 451 fahr geweſen, im Eiſe ſtecken zu bleiben,
83 436 827 489 das beſtändig auf uns \zu/ trieb u abge⸗
83 475 817 543 ſtoßen werden muſte. D. 13tn hatten
83 527 809 578 wir guten Wind, daß wir gegen 6
82 574 814 627 Uhr abends den Boden von der Bucht
89 614 838 676 ſahen. Dieſes Land heißt Nappartock.
79 666 811 714 Die Eskimos waren ganz außer ſich
83 710 838 768 vor Furcht, doch wagten es endlich 2 Kaja⸗
83 750 840 812 cke uns zu betrachten, kehrten aber wol
81 802 814 867 10 mal um, ehe ſie ſo nahe kamen,
87 850 839 907 daß wir mit ihnen reden konten, ich
84 897 833 957 rief ihnen dan̅ zu, Kacheit! d.i. kom̅ her,
82 943 859 1002 Einer ſagte zum andern: Wer iſt das?
81 991 827 1043 der andere antwortete: Es iſt wol der
81 1041 833 1094 Johanesingoak? Sie riefen alſo: Wie
85 1082 829 1144 heiſt du u da ich ihnen meinen Na⸗
83 1135 833 1190 men ſagte, ſo riefen ſie den übrigen
84 1175 845 1238 hinter ihnen, komt, komt doch, es iſt Johan
80 1225 840 1285 nesingoak unſer Freund, alles eilte her⸗
76 1271 822 1329 bey mit großer Freudens Bezeigung.
90 1319 838 1389 Es waren bey 12 Kajacke u darunter
