1000 1624
155 82 221 133 144.
171 129 920 182 ein Angekok Namens Aweinack, der
168 167 901 223 ein großer Mörder iſt, weil ich mir
163 215 914 274 dieſen vorher hatte beſchreiben laßen
164 259 893 319 ſo kante ich ihn gleich u ſagte zu ihm:
159 300 916 359 Du biſt wohl Aweinack? Er erſchrack
163 343 892 407 u fragte ob ich ihn ken̅te? Jch ſagte
169 393 924 452 Ja, ich weiß daß du ein großer Hexen⸗
162 437 889 495 meiſter ſeyn willſt u daß du ein
166 479 904 541 Menſchenmörder biſt u noch mit böſen
165 528 924 584 Gedancken umgeheſt. Jch ſage dir aber
165 572 916 632 höre auf, ſonſt wirſt du ſchlecht zurechte
163 619 907 682 kom̅en. Er wurde ſehr beſtürzt. Wir
164 671 880 722 liefen ganz in die Bucht hinein, ſo
165 710 878 768 nahe an ihre Häuser als wir konten u
159 761 916 820 ließen den Ancker fallen. Unterwegs
163 810 873 867 hatte ich vergnügte Unterredungen
162 856 913 912 mit ihnen. Viele kanten mich u alle
166 904 888 965 freuten ſich uns zu ſehen. Jch gieng
171 947 924 1002 gleich mit Br Rhodes u einem Matro⸗
159 996 908 1050 ſen u unſerm Loots Kigluana, den
157 1042 898 1094 wir von Nain mit genom̅en hatten,
163 1093 924 1149 ans Land. Es iſt nicht zu beſchreiben
165 1140 914 1192 wie viel Küße u Umarmungen ich
157 1184 923 1247 empfieng, jeder wolte das nächſte Recht
159 1230 916 1287 an mich haben. Wir beſuchten in al⸗
154 1274 910 1335 len Zelten, deren 9 waren u ich ſagte:
164 1325 876 1396 daß ich Worte an ſie alle hätte.
791 1374 888 1421 Alle
