1000 1624
796 79 876 117 147.
83 124 824 185 zu ſeiner Entſchuldigung zu ſagen, als
82 169 847 224 daß die Leute viel Böſes von ihm rede⸗
80 210 843 267 ten; geſtund aber doch auch daß er böſes
88 254 844 321 gethan habe u verſprach ſich zu beßern.
84 298 837 363 Darauf ſagte ich zu den Umſtehen⸗
83 342 838 408 den: Jhr höret ſeine Worte, vegebet
84 390 903 446 ihm u habt ihn lieb. Wen̅ er aber wieder
86 431 794 499 böſes thut, ſo laßt mich es wißen.
91 480 824 539 Er kam nachher etliche mal zu mir
85 535 842 592 u bat mich ſein Freund zu ſeyn, wel
78 572 822 637 ches ich ihm auch verſprach. Als wir
76 624 787 681 wieder auf das Schiff giengen, ſo
76 662 822 723 danckten mir die Eskimos daß ich
79 706 777 767 mit ihm geredet hätte. Jch ſagte:
91 761 844 819 Jch kan mich nicht genug \ver/wundern über
84 809 841 872 euch, daß ihr euch vor ſo einem alten,
83 854 795 908 kleinen, trockenen Man̅ fürchtet,
95 895 847 962 er hat ja keine Zähne mehr. Es antwor
84 944 805 1003 tete aber einer von ihnen, du biſt
92 987 844 1049 auch nicht groß, aber deine Gedanken
92 1038 847 1098 ſind ſtarck u Dein Geiſt iſt unüber⸗
83 1085 813 1144 windlich. D. 14tn wurde zuerſt mit
91 1132 819 1196 ihnen gehandelt u ſie richteten ſich
86 1188 829 1241 in allen Stücken nach unſerer Vor⸗
91 1227 824 1291 ſchrift. Dan̅ gieng ich wieder ans
81 1273 847 1333 Land. Mein alter Freund Jn̅ellack
88 1319 834 1385 entdeckte mir ſein Vorhaben, daß
735 1362 773 1430 Er
