1000 1624
156 68 232 113 146.
184 123 937 188 empfangen 2 in Händen 2 in Füßen u
175 173 939 224 eine große Wunde in Seiner Seite u
177 211 941 268 hat alle Sein Blut vergoßen um eurer
178 253 925 313 Sünde Willen. Dieſes theure Blut iſt
172 304 896 352 \es/ alleine, was euch reinigen kan von
173 339 939 396 euren Sünden u Miſſethaten. Nun fehlt
177 387 927 442 es an nichts als daß ihr ein Verlan⸗
176 430 929 496 gen nach Jhm bekomt u Jhn anrufet:
177 486 898 537 Herr ſey mir gnädig u waſche mich
163 526 910 581 mit Deinem Blute. Wen̅ ihr das thut
168 571 929 632 ſo wird Er euch gnädig ſeyn den̅ Er hat
166 622 924 676 euch ſehr lieb. --- Nach dieſem ſagte ich
169 662 920 729 zu ihnen: Jch höre auch daß Zanck u
167 715 906 777 übles Nachreden unter euch iſt u daß
164 760 928 817 etliche den andern nach dem Leben ſtehen.
162 805 924 858 Das komt alles daher daß ihr den Hld.
164 849 929 909 nicht ken̅et. Jch kehrte mich zu dem Mör
161 895 925 956 der u ſagte: Höre du meine Worte:
161 941 888 997 Wer Menſchen Blut vergießet, des
157 991 916 1042 Blut wird wieder vergoßen werden.
162 1034 915 1088 Vergebet einander u lebet unterein⸗
162 1091 923 1144 ander als Landes Geſchwiſter in Lie⸗
149 1135 927 1192 be u Gemeinſchaft, ſo wie wir Europä⸗
160 1185 916 1236 er mit euch in Liebe u Gemeinſchaft
162 1224 917 1288 leben, macht keinen Unterſchied zwi⸗
162 1278 907 1328 ſchen euren Landsleuten, ob ſie von
166 1324 913 1387 Norden od Süden ſind. Er hatte nichts
829 1384 880 1423 zu
