1000 1624
154 75 225 115 148.
168 126 889 184 Er mit dem Boot, das er hier baute
167 173 897 227 nächſten Som̅er nach Süden gehen u
166 212 936 274 daſelbſt ſeine Wallfiſch⸗Beine verkau⸗
168 263 923 318 fen wolte. Jch fragte ihn? Wer ihm
166 303 918 362 das gerathen hätte? Er ſagte Okſot.
169 356 908 406 Jch ließ denſelben rufen u ſagte zu
169 392 928 454 ihm: Du biſt in Chateaubay geweſen,
165 443 930 498 warum lügſt du u ſagſt den Leuten
161 489 935 544 daß ſie in Süden mehr für ihre Waaren
163 535 904 586 bekom̅en als bey Theobald in Nain?
166 576 926 640 ich weiß Deine Gedanken, du wilſt
166 629 911 682 nach Süden, um daſelbſt Boote, Segel
166 672 915 734 u Stricke zu ſtehlen, er ſagte drauf:
163 720 935 780 Wir wollen nicht neue Boote ſtehlen,
162 773 933 823 ſondern alte, die von den Europäern ver⸗
156 812 928 876 laßen ſind. Jch antwortete: Höre Doch!
161 880 897 917 wen̅ wir ans Land giengen in eure
167 907 925 966 Häuſer u nähmen eure alten Lam⸗
168 950 916 1005 pen, Keſſel u übrigen Hausrath weg,
161 998 872 1057 wäre das recht? Nein, ſagte er,
159 1042 898 1106 das wäre geſtohlen. Alſo verſezte
157 1094 921 1157 ich, iſt das ja auch geſtohlen, wen̅ ihr
159 1144 927 1200 den Europäern ihre alte Hinterlaßene
156 1191 925 1250 Sachen wegnehmet. Jch ſage euch, wollt
150 1237 908 1293 ihr mit euren Wallfiſchbeinen nach
151 1283 921 1337 Süden gehen, ſo thut es, wo ihr aber
157 1325 915 1399 ſtehlt, ſo werdet ihr getödtet u die
788 1376 917 1441 Europä
