1000 1651
33 82 767 161 1.) Des led. Br. Andr. Winberg in Sarepta
783 136 830 196 491.
55 166 744 246 ich ihr nach. Doch mein treu⸗
64 226 744 301 er Heiland hielt ſeine Hand
67 278 744 349 über mir, daß ich nicht in
71 333 732 404 grobe Laſter und Sünden
81 384 723 455 fiel, wofür ich Ihm in
67 439 734 512 der Folge oft in der Stille
76 511 448 564 gedankt habe.
127 542 733 613 Nach dem Tode meines
78 593 742 672 Vaters, als ich 15. Jahr alt
76 652 753 724 war, erbot ſich ſein Bru⸗
77 710 758 786 der, ein Schneider in Upsala,
81 765 762 835 mich zu ſich zu nehmen, u.
77 812 741 886 die Schneider⸗Profeſsion
80 871 743 939 zu lehren. Mit Einwil⸗
81 923 742 989 ligung meiner Mutter
87 975 746 1047 reiſte ich im Jahr 1763.
92 1039 769 1093 dahin. Bald nach meiner
85 1086 771 1150 Ankunft ging ich in den
89 1134 771 1209 Unterricht, um confirmiert
103 1201 770 1258 zu werden Ich war zwar
100 1247 755 1317 zu Hauſe ſchon zweymal
86 1308 732 1373 im Unterricht zum heil:
