1000 1651
44 101 770 177 2.) Des verw. Br. Franz Hoelterhof in Sarepta.
779 144 867 214 509.
89 183 750 243 führen. In meiner erſten
61 242 770 296 Jugend habe ich nie etwas vom
75 286 749 359 Heiland und Seiner Verſöh⸗
73 348 747 408 nung zu hören bekommen,
78 398 763 460 wohl aber bin ich gar früh⸗
83 457 769 520 zeitig zur Sünde verführt
80 498 754 567 worden. Als ich 10. Jahr
81 557 776 619 alt war, bekamen wir einen
86 598 771 677 Schulrector, Namens Francke,
80 670 779 726 von Halle, der uns zwar vie⸗
79 711 742 780 les von der Nothwendigkeit
81 770 752 838 der Bekehrung vorſagte,
84 826 760 886 aber uns das Wort von der
99 873 766 942 Verſöhnung Jeſu, das zur
100 938 774 996 Bekehrung anleitet, ver⸗
93 986 778 1058 ſchwieg. Ich fing zwar
96 1049 772 1100 an, fleißig zu beten und
91 1094 798 1159 die Bibel zu leſen, es hat⸗
91 1150 752 1207 te aber keinen Beſtand.
105 1198 788 1263 Um indeß doch mein Ge⸗
91 1259 788 1323 wißen zu beruhigen, er⸗
92 1317 790 1383 kundigte ich mich, ob es wol
