1000 1564
779 86 865 139 547.
154 161 767 221 Warſt unter deinen Chor:Geſpielen
193 211 792 263 vergnügt und ſelig, lieb und werth;
150 248 767 301 Sie ließen dich ihr Herze fühlen
186 294 788 356 du hatt’ſt den Him̅el auf der Erd.
155 358 715 437 Er nahm dich zur Diaconiſse,
190 415 740 477 zu Seiner Magd in Gnaden an;
139 466 706 515 da waren keine Hinderniße,
181 497 808 558 du ſezteſt Muth und Kräfte dran;
138 540 810 606 fiengſt an im Land umher zu wandern,
186 591 656 647 beſuchteſt die Diaspora
149 626 823 689 und gingſt von einem Dorf zum andern,
193 675 763 740 daß ich an dir nur Freude ſah.
152 749 813 819 Ganz wieder alles dein Vermuthen,
211 799 765 861 kam ein Beruf zur Ehe drein;
170 848 792 905 Er kam vom Geber alles guten;
200 891 799 947 doch ging er dir erſt bitter ein.
161 926 796 994 Hätt‘ ich mich nicht auf Todt u. Leben,
209 978 780 1037 sprachſt du, als Gottes ewge Magd,
159 1026 700 1077 dem Herzen Jesu hingegeben;
202 1062 769 1132 So hätt‘ ich Nein dazu geſagt.
159 1139 697 1200 Allein es hatte dir der Treue,
214 1186 738 1245 der unſre Thränen⸗Tage zehlt,
165 1230 783 1296 Ein Herz, deß ich mich gläubig freue,
212 1278 781 1344 zu deinem Beyſtand auserwehlt.
