1000 1564
782 86 868 136 545.
143 164 773 229 Theils vor Erſtaunen, theils vor Freuden,
186 215 767 265 bet ich den Heiland thränend an,
135 254 779 310 der dir nach ſo gar kurzem leiden,
189 291 739 366 So ſchnell den Him̅el aufgethan.
139 366 814 440 Ach Schweſter! welch ein Gottes⸗Wunder!
195 425 804 480 Ach welch ein unausprechlich Glück!
143 463 810 524 Statt banger Wehmuth denkt gizunder
206 506 800 568 Mein Herz an deinen Gang zurück,
144 552 730 606 Jn welchem ſich durch alle Zeiten
137 591 783 647 das Liebes⸗Spiel des Heilands findt;
197 636 787 689 du warſt bey allen Schwächlichkeiten,
153 680 729 745 Ein völlig glücklich Gottes⸗Kind.
159 757 733 827 Schon 30 Jahre ſind verfloßen,
194 801 800 872 ſeit deines Bräutgams Gnaden⸗Rath
158 854 759 909 ſich über dir hat aufgeſchloßen
206 893 791 951 ſeit dich Sein Blut ergriffen hat.
155 940 778 994 wie haſt du da um Jhn gerungen;
219 979 813 1041 wie haſt du da nach Jhm geweint;
163 1020 806 1078 bis Jhm Sein Werck mit dir gelungen
200 1060 809 1126 bis du erkan̅t wie treu Ers meynt.
158 1144 770 1209 Erſt wardſt du ins Geſez geführet,
212 1193 738 1247 in manche tiefe Seelen⸗Noth;
154 1238 749 1289 den̅ wo die Finſterniß regieret,
200 1279 768 1351 da martert man ſich faſt zu todt;
