1000 1564
156 97 246 147 534.
194 159 857 227 ſolche ſchlechte leute ſo zu lieben? Jch
191 215 860 265 fühlte einen Gottes⸗Frieden dabey,
179 255 886 302 doch war mir der ganze Nuzen, den
186 289 892 346 man vom Sacrament haben ſolte, nicht
194 337 683 395 ſo aufgeſchloßen wie jezo.
199 374 886 428 Jm Merz 1751 kam ich mit zum Chor⸗
188 424 873 474 Abendmahl und war beſchämt und
196 463 895 518 gebeugt darüber. Jch ging auch meinen
162 502 899 561 Gang ein paar Jahr kindlich fort, wurde
195 544 893 601 von meinen Schwestern geliebt u. hatte
196 592 901 642 wieder lieb. Da aber der Heiland ſahe,
193 633 888 687 daß ich anfing, etwas auf mich zu rech⸗
185 674 865 739 nen, führte mich der Heilige Geiſt
197 718 879 775 auf das tiefe Verderben meiner
193 763 893 820 Seele und Hütte. Jch redete mit mei⸗
193 807 883 856 nen Arbeiterin̅en darüber aus und
193 846 880 908 die halfen mir zu recht. Es kamen
199 894 893 945 auch die Synodal⸗Reden deß ſeligen
197 939 881 987 Jüngers dazu, daß ich im̅er mehr
180 976 899 1033 licht in die Sache krigte; doch konte
198 1026 891 1077 ich nie ganz mit mir zu frieden ſeyn,
188 1070 892 1119 den̅ ich wuſte, was der Heiland
198 1106 868 1161 für ein armes Kind an mir hatte.
202 1146 892 1201 Alle Gnaden, die ich in meinem Chor
200 1186 887 1251 genoßen habe, ſind mir zum Erſtau⸗
175 1233 898 1287 nen geweſen und ich habe oft gedacht: wie
194 1287 893 1359 kom̅e ich dazu? Mein jeziger Gang iſt eine
823 1326 886 1399 ganz
