1000 1564
802 86 874 146 529.
120 151 830 212 durch dieſe Zeit folgendes aufgeſchrieben:
135 197 822 253 ”Ich bin d. 22ten April 1723 im Alten⸗
114 241 794 289 burgiſchen zu OberRödel, wo mein
120 280 818 336 Vater Pfarrer war, geboren. Ich wur⸗
115 324 813 380 de von Jugend auf zur Gottes⸗Furcht
119 372 806 420 angehalten und in meinen Kinder⸗
115 407 813 466 Jahren ſehr in Acht genom̅en, daß ich
113 457 766 507 nicht unter andre Kinder kom̅en
110 491 833 542 möchte. Darum gab ſich auch mein Vater
116 537 814 588 die Mühe, uns ſelbſt leſen u. ſchreiben
110 572 794 639 zu lehren und meine Mutter hatte
113 616 816 671 ebenfalls ein ſehr genaues Auge auf
115 662 782 723 uns. Jch schäzte es für das größte
111 708 826 764 Glück, in meines Vaters Hauſe mit
98 751 789 809 meinen Geſchwiſtern vergnügt zu
116 801 783 849 ſeyn; den̅ wir hatten einander
111 839 804 892 ſehr lieb. An meine Eltern war ich
116 884 802 937 ſehr anhängig und gab mir alle Mühe
113 932 813 985 ihnen recht gehorſam zu ſeyn; den̅ ihre
116 969 792 1031 Unzufriedenheit konte mich in eine
115 1015 798 1073 ſolche Betrübniß bringen, daß ich
78 1058 800 1116 kaum zu tröſten war. Da blieb
118 1099 798 1158 ich den̅ bis in mein 13tes Jahr zimlich
105 1143 809 1199 unſchuldig; wurde aber dabey ſehr
113 1188 797 1236 hochmüthig, den̅ ich wuſte, daß ich
114 1226 772 1283 geliebt wurde. Jn meinem 14ten
117 1273 813 1349 Jahr wurde ich unterrichtet, daß ich
