<?xml version="1.0" encoding="utf-8"?>
<pc:PcGts xmlns:pc="http://schema.primaresearch.org/PAGE/gts/pagecontent/2019-07-15" xmlns:xsi="http://www.w3.org/2001/XMLSchema-instance" xsi:schemaLocation="http://schema.primaresearch.org/PAGE/gts/pagecontent/2019-07-15 http://schema.primaresearch.org/PAGE/gts/pagecontent/2019-07-15/pagecontent.xsd" pcGtsId="GT-OCR-GN_1771_4__GN.A.158__534_e965c">
  <pc:Metadata externalRef="https://images.iiif.slub-dresden.de/iiif/2/data%2Fkitodo%2FNachaudeB_1766034047_1771_4%2FNachaudeB_1766034047_1771_4_tif%2Fjpegs%2F00000535.tif.medium.jpg/full/full/0/default.jpg">
    <pc:Creator>escriptorium</pc:Creator>
    <pc:Created>2024-01-26T15:15:30.037243Z</pc:Created>
    <pc:LastChange>2024-01-26T15:15:30.037254Z</pc:LastChange>
    <pc:MetadataItem type="processingStep" name="recognition/post-correction" value="ocrd-cor-asv-ann-join">
      <pc:Labels externalModel="ocrd-tool" externalId="parameters">
        <pc:Label value="False" type="add-filegrp-comments"/>
      </pc:Labels>
      <pc:Labels externalModel="ocrd-tool" externalId="version">
        <pc:Label value="0.1.14" type="ocrd-cor-asv-ann-join"/>
        <pc:Label value="2.60.2.dev0+gac1f15b3.d20240125" type="ocrd/core"/>
      </pc:Labels>
    </pc:MetadataItem>
  </pc:Metadata>
  <pc:Page imageFilename="534_e965c_default.jpg" imageWidth="1000" imageHeight="1564">
    <pc:TextRegion id="eSc_textblock_57632c06" custom="structure {type:text;}">
      <pc:Coords points="871,93 874,134 795,138 792,104 804,93"/>
      <pc:TextLine id="eSc_line_c355dcc7" custom="structure {type:default;}">
        <pc:Coords points="873,123 866,97 855,93 847,93 839,93 830,93 821,93 813,93 805,93 802,94 795,100 795,126 795,137 873,139 874,126 874,99 873,99 873,123"/>
        <pc:Baseline points="795,126 874,126"/>
        <pc:TextEquiv index="0">
          <pc:Unicode>531.</pc:Unicode>
        </pc:TextEquiv>
        <pc:TextEquiv conf="0.9994" index="1">
          <pc:Unicode>531.</pc:Unicode>
        </pc:TextEquiv>
      </pc:TextLine>
    </pc:TextRegion>
    <pc:TextRegion id="eSc_textblock_bd700689" custom="structure {type:text;}">
      <pc:Coords points="746,156 784,163 815,191 815,218 840,250 833,384 846,478 826,566 822,1153 836,1226 812,1326 346,1358 270,1347 107,1358 83,1295 93,1173 86,851 100,822 104,746 86,510 100,336 93,260 114,159 165,149"/>
      <pc:TextLine id="eSc_line_a25851f9" custom="structure {type:default;}">
        <pc:Coords points="119,183 119,196 225,195 233,198 257,210 258,210 259,210 260,210 272,205 299,211 300,212 331,212 331,211 332,211 353,200 355,199 365,201 433,212 434,213 478,213 478,212 479,212 480,212 492,205 560,207 560,207 561,207 562,207 566,205 568,203 573,205 599,213 600,213 633,214 633,214 634,214 635,214 646,205 657,199 695,199 711,206 712,206 713,206 750,204 757,208 766,213 766,213 767,213 768,213 769,213 785,208 786,192 785,167 742,157 741,157 676,161 587,155 586,155 586,155 585,155 571,166 566,171 553,171 546,166 533,155 532,155 531,155 530,155 529,155 511,163 489,154 488,154 487,154 451,161 416,154 415,154 414,154 387,165 380,169 325,169 319,165 311,162 310,162 309,162 308,162 307,162 302,165 298,168 190,168 186,165 161,151 160,151 160,151 159,151 158,151 157,151 133,165 132,165 119,165 119,183"/>
        <pc:Baseline points="119,183 361,192 786,192"/>
        <pc:TextEquiv index="0">
          <pc:Unicode>den Bund, des Heilands zu ſeyn,</pc:Unicode>
        </pc:TextEquiv>
        <pc:TextEquiv conf="0.9682" index="1">
          <pc:Unicode>den Bund, des Heilands zu ſeyn,</pc:Unicode>
        </pc:TextEquiv>
      </pc:TextLine>
      <pc:TextLine id="eSc_line_28f022cc" custom="structure {type:default;}">
        <pc:Coords points="102,214 102,225 101,239 171,239 172,239 177,244 178,244 179,244 180,244 180,244 192,240 193,239 194,240 207,248 208,248 209,248 210,248 236,245 271,252 272,252 315,243 325,251 326,251 326,251 360,256 361,257 399,257 399,256 435,247 447,256 448,256 449,256 558,257 559,257 560,257 560,257 581,245 583,243 609,243 616,245 639,252 640,252 640,252 641,252 648,249 692,257 693,257 693,257 717,245 722,244 798,246 800,236 799,218 751,209 750,209 749,209 733,217 727,220 665,220 658,216 651,212 650,212 649,212 648,212 626,215 613,218 608,215 595,207 594,207 593,207 553,205 516,205 515,205 514,205 513,205 502,213 495,219 452,219 444,212 433,204 433,204 432,204 357,204 356,204 355,204 338,211 320,218 296,218 281,210 270,204 269,204 268,204 267,204 257,209 243,217 164,215 144,207 128,202 127,202 126,202 103,206 102,214"/>
        <pc:Baseline points="102,225 330,238 800,236"/>
        <pc:TextEquiv index="0">
          <pc:Unicode>und mein Bruder ſagte: wer von</pc:Unicode>
        </pc:TextEquiv>
        <pc:TextEquiv conf="0.9834" index="1">
          <pc:Unicode>und mein Bruder ſagte: wer von</pc:Unicode>
        </pc:TextEquiv>
      </pc:TextLine>
      <pc:TextLine id="eSc_line_d3740f91" custom="structure {type:default;}">
        <pc:Coords points="116,269 114,284 161,295 162,297 247,297 247,295 249,295 272,288 306,299 307,299 308,299 348,293 421,301 422,301 423,301 425,301 436,291 471,291 533,303 534,303 535,303 558,297 588,302 589,302 590,302 591,302 606,293 607,293 679,295 692,304 693,304 694,304 696,304 697,304 715,297 769,297 777,303 778,303 779,303 780,303 831,295 833,286 833,247 754,246 753,246 752,246 750,246 750,247 728,263 702,263 671,248 670,248 668,248 616,260 597,247 591,243 590,243 589,243 588,243 586,243 574,247 538,259 471,259 452,247 447,243 445,243 444,243 443,243 411,247 365,254 357,247 353,245 353,243 352,243 350,243 349,243 348,243 346,243 341,247 327,255 264,255 258,247 252,243 252,242 251,242 250,242 249,242 247,242 235,247 225,252 213,247 191,237 190,237 130,237 129,237 127,237 126,237 116,243 116,269"/>
        <pc:Baseline points="117,271 334,282 834,288"/>
        <pc:TextEquiv index="0">
          <pc:Unicode>uns dem Heiland wolte davon laufen,</pc:Unicode>
        </pc:TextEquiv>
        <pc:TextEquiv conf="0.9848" index="1">
          <pc:Unicode>uns dem Heiland wolte davon laufen,</pc:Unicode>
        </pc:TextEquiv>
      </pc:TextLine>
      <pc:TextLine id="eSc_line_cd7d7154" custom="structure {type:default;}">
        <pc:Coords points="114,318 114,331 184,331 210,344 211,344 212,344 213,344 213,344 229,334 246,341 247,341 248,341 296,338 307,344 308,344 309,345 360,345 360,344 436,340 437,340 438,340 447,334 473,343 474,343 475,343 476,343 519,331 522,330 526,331 545,334 546,334 602,331 616,330 620,331 641,336 642,336 643,336 698,331 707,330 715,331 773,338 773,339 814,339 814,338 815,338 816,338 826,331 826,319 821,297 811,304 771,304 750,297 726,291 726,291 725,291 724,291 708,298 701,300 697,298 686,291 686,291 685,291 663,291 662,291 649,291 648,291 647,291 640,298 633,303 615,299 614,299 613,299 603,304 537,304 527,298 518,291 517,291 516,291 429,291 428,291 427,291 406,298 392,304 385,298 375,291 374,291 373,291 360,291 359,291 358,291 357,291 346,298 336,305 304,305 286,299 272,294 271,294 270,294 269,294 268,294 260,299 251,305 203,305 195,299 186,292 185,292 184,292 146,292 146,292 113,299 114,318"/>
        <pc:Baseline points="114,318 373,325 826,319"/>
        <pc:TextEquiv index="0">
          <pc:Unicode>dem ſolte Er ſeinen Weg mit Dornen</pc:Unicode>
        </pc:TextEquiv>
        <pc:TextEquiv conf="0.9788" index="1">
          <pc:Unicode>dem ſolte Er ſeinen Weg mit Dornen</pc:Unicode>
        </pc:TextEquiv>
      </pc:TextLine>
      <pc:TextLine id="eSc_line_930e8606" custom="structure {type:default;}">
        <pc:Coords points="116,362 116,375 141,375 143,375 153,382 154,382 155,382 156,382 213,375 218,375 219,375 226,381 227,381 228,381 319,384 320,384 320,384 321,384 334,376 356,384 357,384 358,384 464,381 485,384 486,384 486,384 506,376 512,380 513,380 513,380 514,380 515,380 525,377 530,381 531,381 532,381 533,382 607,382 607,381 608,381 626,375 636,382 637,382 638,382 639,382 640,382 651,377 690,382 691,382 740,375 760,382 761,382 762,382 763,382 779,375 811,375 812,363 809,340 771,345 753,339 740,335 739,335 684,335 683,335 682,335 681,335 675,339 669,344 638,344 625,338 618,336 617,336 616,336 615,336 614,336 610,338 592,350 534,344 533,344 533,344 532,344 522,351 487,351 468,338 464,335 463,335 462,335 433,335 432,335 431,335 426,337 409,347 400,344 399,344 398,344 397,344 383,351 328,351 312,343 311,343 310,343 309,343 298,348 288,340 287,340 286,340 286,340 285,340 284,340 279,344 268,337 265,335 264,335 263,335 262,335 252,337 200,349 187,344 186,344 186,344 153,344 143,337 143,336 142,336 141,336 140,336 115,336 116,362"/>
        <pc:Baseline points="116,362 436,370 812,363"/>
        <pc:TextEquiv index="0">
          <pc:Unicode>vermachen, daß er wieder kom̅en</pc:Unicode>
        </pc:TextEquiv>
        <pc:TextEquiv conf="0.9986" index="1">
          <pc:Unicode>vermachen, daß er wieder kom̅en</pc:Unicode>
        </pc:TextEquiv>
      </pc:TextLine>
      <pc:TextLine id="eSc_line_60cd472c" custom="structure {type:default;}">
        <pc:Coords points="103,403 102,415 176,426 177,427 206,427 206,426 206,426 227,418 233,417 254,419 306,424 306,424 307,424 320,420 328,418 336,421 348,424 349,424 350,424 373,422 397,418 403,422 406,424 406,424 407,424 408,424 425,423 434,422 438,423 451,429 452,429 453,429 453,429 466,424 470,421 512,419 521,425 522,426 523,426 524,426 525,426 533,425 572,420 611,424 612,424 613,424 621,420 699,420 713,430 713,430 714,430 715,430 758,431 759,431 760,431 762,430 773,426 781,431 782,431 783,431 784,432 817,432 818,409 816,378 756,384 748,379 748,378 747,378 746,378 687,377 686,377 686,377 685,377 681,380 670,387 653,383 652,383 651,383 650,383 617,391 569,381 561,380 560,380 560,380 554,382 529,391 451,391 409,391 400,384 399,383 398,383 397,383 396,383 366,383 334,375 333,375 333,375 332,375 312,385 303,389 246,389 240,386 218,373 217,373 216,373 188,378 165,372 164,372 163,372 162,372 133,384 117,382 116,382 115,382 103,387 103,403"/>
        <pc:Baseline points="103,403 483,411 818,409"/>
        <pc:TextEquiv index="0">
          <pc:Unicode>müſte. Eine von meinen Schweſtern</pc:Unicode>
        </pc:TextEquiv>
        <pc:TextEquiv conf="0.9864" index="1">
          <pc:Unicode>müſte. Eine von meinen Schweſtern</pc:Unicode>
        </pc:TextEquiv>
      </pc:TextLine>
      <pc:TextLine id="eSc_line_11963c9b" custom="structure {type:default;}">
        <pc:Coords points="121,450 122,470 141,462 193,467 193,467 222,462 234,469 235,470 236,470 237,470 238,470 246,469 280,463 288,468 290,470 291,470 292,470 293,470 330,470 330,470 331,470 339,467 350,463 367,467 380,469 380,470 551,470 551,469 552,469 562,463 563,463 564,463 583,469 584,469 585,469 586,469 600,463 606,461 614,463 636,468 637,468 638,468 648,462 653,460 691,460 693,462 698,465 699,465 700,465 700,465 809,459 810,450 808,432 789,432 789,431 767,422 766,422 766,422 765,422 764,422 748,431 747,432 726,432 726,431 709,419 708,419 707,419 706,419 591,420 590,420 589,420 581,425 542,420 541,420 540,420 509,430 500,433 429,433 422,430 417,427 416,427 415,427 396,429 376,431 371,429 360,424 360,424 359,424 358,424 347,429 344,430 341,429 334,424 333,424 333,424 332,424 331,424 316,427 302,421 301,421 300,421 300,421 287,425 266,421 265,421 264,421 263,421 253,428 248,432 228,434 205,434 194,428 187,424 186,424 186,424 185,424 178,428 167,434 148,434 137,428 127,423 126,423 126,423 125,423 124,423 120,424 121,450"/>
        <pc:Baseline points="121,450 358,456 810,450"/>
        <pc:TextEquiv index="0">
          <pc:Unicode>ging gleich ganz in die Sache hinein</pc:Unicode>
        </pc:TextEquiv>
        <pc:TextEquiv conf="0.9949" index="1">
          <pc:Unicode>ging gleich ganz in die Sache hinein</pc:Unicode>
        </pc:TextEquiv>
      </pc:TextLine>
      <pc:TextLine id="eSc_line_47a8fef7" custom="structure {type:default;}">
        <pc:Coords points="92,504 155,504 173,510 174,510 175,510 176,510 177,510 186,503 231,503 239,503 252,510 253,510 253,510 286,506 353,515 354,515 355,515 386,503 440,514 440,514 441,514 460,508 471,511 472,511 473,511 473,511 491,502 494,502 608,513 609,513 634,509 725,512 726,512 726,512 761,501 790,511 791,511 792,511 793,511 793,511 802,506 813,510 814,510 815,510 816,510 817,510 832,501 832,490 830,463 793,463 793,463 792,463 791,463 783,469 765,463 764,463 763,463 762,463 734,477 708,463 707,463 682,463 635,463 634,463 633,463 633,463 609,477 579,470 578,470 577,470 563,478 522,478 488,464 487,464 486,464 486,464 485,464 463,478 423,470 422,470 421,470 420,470 408,479 278,479 262,470 261,470 260,470 260,470 259,470 222,480 193,470 192,470 191,470 190,470 160,480 132,468 131,468 92,467 92,485 92,504"/>
        <pc:Baseline points="92,485 155,492 324,497 832,490"/>
        <pc:TextEquiv index="0">
          <pc:Unicode>und der Heiland und Sein Verdienſt</pc:Unicode>
        </pc:TextEquiv>
        <pc:TextEquiv conf="0.9687" index="1">
          <pc:Unicode>und der Heiland und Sein Verdinſt</pc:Unicode>
        </pc:TextEquiv>
      </pc:TextLine>
      <pc:TextLine id="eSc_line_ebec4375" custom="structure {type:default;}">
        <pc:Coords points="120,544 166,550 167,550 168,550 182,545 212,550 213,550 286,544 291,544 292,544 300,550 300,550 301,550 302,550 333,547 373,553 374,553 421,548 432,555 433,555 433,555 434,556 484,556 484,555 520,550 534,554 535,554 536,554 537,554 557,548 566,554 566,554 567,554 568,555 651,555 651,554 652,554 653,554 666,544 698,548 699,548 753,543 754,543 776,548 777,548 810,543 811,532 808,515 753,515 749,513 732,503 731,503 730,503 729,503 728,503 708,512 703,516 616,516 593,510 582,509 581,509 580,509 576,510 564,515 557,510 551,505 550,505 549,505 513,503 512,503 511,503 493,509 473,516 435,516 419,508 413,504 412,504 373,503 372,503 371,503 370,503 366,506 353,516 333,516 313,505 308,503 307,503 280,503 280,503 279,503 273,505 258,513 234,504 230,503 229,503 191,503 190,503 189,503 186,503 174,509 165,503 164,503 163,503 120,503 120,529 120,544"/>
        <pc:Baseline points="120,529 355,538 811,532"/>
        <pc:TextEquiv index="0">
          <pc:Unicode>wurde ihr Leben. Sie ging auch im</pc:Unicode>
        </pc:TextEquiv>
        <pc:TextEquiv conf="0.9971" index="1">
          <pc:Unicode>wurde ihr Leben. Sie ging auch im</pc:Unicode>
        </pc:TextEquiv>
      </pc:TextLine>
      <pc:TextLine id="eSc_line_37a7e0c6" custom="structure {type:default;}">
        <pc:Coords points="119,577 120,599 131,595 138,599 144,603 145,603 146,603 146,604 161,604 161,603 162,603 163,603 168,599 175,594 197,594 204,598 204,599 205,599 206,599 206,599 213,598 240,594 253,598 256,599 257,599 258,599 264,598 286,593 293,597 300,603 301,603 302,603 303,603 304,603 323,597 338,594 362,597 390,601 391,601 392,601 400,596 407,593 436,593 465,596 508,602 509,602 556,596 588,591 599,595 613,601 613,601 614,602 652,602 652,601 679,595 692,591 699,594 710,599 711,599 759,600 760,600 760,600 773,594 778,591 797,593 799,576 795,555 784,559 776,555 760,545 760,545 759,545 758,545 757,545 756,545 750,550 725,545 724,545 723,545 722,545 711,555 703,561 647,560 635,555 622,550 621,550 620,550 595,555 583,557 579,555 569,550 568,550 567,550 566,550 566,550 559,555 548,563 418,563 406,556 391,548 390,548 389,548 332,556 319,557 312,556 284,548 283,548 282,548 226,549 226,549 225,549 213,556 211,557 207,556 186,549 186,549 139,549 138,549 137,549 118,556 119,577"/>
        <pc:Baseline points="119,577 392,583 799,576"/>
        <pc:TextEquiv index="0">
          <pc:Unicode>Jahr 1745 mit einer ſolchen Freudig⸗</pc:Unicode>
        </pc:TextEquiv>
        <pc:TextEquiv conf="0.9917" index="1">
          <pc:Unicode>Jahr 1745 mit einer ſolchen Freudig⸗</pc:Unicode>
        </pc:TextEquiv>
      </pc:TextLine>
      <pc:TextLine id="eSc_line_b799e98f" custom="structure {type:default;}">
        <pc:Coords points="108,616 107,631 230,631 233,632 246,636 246,636 247,636 298,635 310,641 311,641 312,641 420,636 426,641 427,641 428,641 429,642 473,642 473,641 498,635 509,632 515,635 526,641 527,641 528,641 564,636 580,633 586,636 600,642 601,642 602,642 640,641 640,641 650,636 657,633 670,636 689,642 690,642 691,642 692,642 704,636 710,635 805,637 806,622 806,593 775,593 774,593 773,593 736,606 717,594 717,593 716,593 715,593 714,593 713,593 712,594 694,599 681,597 680,597 680,597 679,597 670,604 645,600 644,600 643,600 642,600 632,606 539,606 526,597 525,597 524,597 523,597 522,597 492,605 479,596 473,592 473,592 472,592 471,592 444,596 411,602 398,596 387,593 386,593 386,593 359,596 326,592 326,592 325,592 312,597 297,605 252,605 241,598 230,591 229,591 228,591 180,591 179,591 178,591 160,599 153,602 148,599 128,591 127,591 126,591 126,591 108,599 108,616"/>
        <pc:Baseline points="108,616 352,625 806,622"/>
        <pc:TextEquiv index="0">
          <pc:Unicode>keit zum Heiland, daß wie ich das</pc:Unicode>
        </pc:TextEquiv>
        <pc:TextEquiv conf="0.997" index="1">
          <pc:Unicode>keit zum Heiland, daß wie ich das</pc:Unicode>
        </pc:TextEquiv>
      </pc:TextLine>
      <pc:TextLine id="eSc_line_46cb5570" custom="structure {type:default;}">
        <pc:Coords points="112,658 111,679 153,672 165,677 166,677 166,677 219,676 224,680 225,681 226,681 226,681 227,682 245,682 245,681 246,681 246,681 247,680 257,673 273,678 273,678 274,678 275,678 286,673 349,678 350,678 391,675 397,679 401,682 402,682 403,682 404,683 426,683 426,682 427,682 428,682 433,679 437,676 460,679 479,681 480,681 492,679 510,675 520,679 528,682 529,682 530,682 561,678 582,676 595,678 620,682 620,682 673,678 695,676 699,678 713,685 713,685 714,686 796,686 796,685 797,685 814,677 815,666 814,640 733,640 732,640 731,640 730,640 719,648 707,642 706,642 706,642 705,642 704,642 694,649 661,650 606,639 606,639 516,649 508,643 507,643 506,643 506,643 505,643 488,649 448,643 447,643 446,643 446,643 438,649 405,649 337,640 336,640 335,640 334,640 326,646 315,638 314,638 313,638 313,638 312,638 311,638 296,647 282,639 281,639 280,639 280,639 260,646 253,641 252,641 251,641 250,641 198,647 170,642 169,642 168,642 160,645 145,635 144,635 143,635 112,635 112,658"/>
        <pc:Baseline points="112,658 409,668 815,666"/>
        <pc:TextEquiv index="0">
          <pc:Unicode>anſahe, ich ganz außer mir war. Jch</pc:Unicode>
        </pc:TextEquiv>
        <pc:TextEquiv conf="0.9998" index="1">
          <pc:Unicode>amahe, ich ganz außer mir war. ſch</pc:Unicode>
        </pc:TextEquiv>
      </pc:TextLine>
      <pc:TextLine id="eSc_line_bf06bf02" custom="structure {type:default;}">
        <pc:Coords points="118,718 206,718 216,725 217,725 218,725 219,725 220,725 246,718 320,725 321,725 322,725 331,721 340,725 341,725 342,726 413,726 413,725 451,717 453,717 455,717 473,724 473,724 474,725 640,725 640,724 640,724 659,717 660,717 693,717 694,717 710,723 711,723 712,723 713,723 731,717 735,716 757,716 758,717 765,723 766,723 766,723 767,723 768,723 779,717 780,717 782,717 806,722 807,722 808,722 817,717 817,707 814,690 741,693 732,689 713,680 712,680 673,679 673,679 672,679 671,679 656,688 648,693 640,688 627,679 626,679 626,679 584,679 583,679 582,679 566,687 552,695 487,695 469,685 456,679 455,679 420,679 419,679 418,679 417,679 410,684 393,695 333,695 306,682 300,681 300,681 299,681 298,681 297,681 294,682 278,695 252,695 230,682 227,680 226,680 226,680 208,680 207,680 206,680 203,682 176,695 154,682 153,682 119,681 118,698 118,718"/>
        <pc:Baseline points="118,698 161,705 288,710 817,707"/>
        <pc:TextEquiv index="0">
          <pc:Unicode>wurde ſo unruhig und verlegen</pc:Unicode>
        </pc:TextEquiv>
        <pc:TextEquiv conf="0.9785" index="1">
          <pc:Unicode>wurde ſo unruhig und Verlegen</pc:Unicode>
        </pc:TextEquiv>
      </pc:TextLine>
      <pc:TextLine id="eSc_line_be723860" custom="structure {type:default;}">
        <pc:Coords points="119,743 119,758 154,758 189,767 190,767 191,767 192,767 220,758 239,764 240,764 240,764 267,762 274,767 275,767 276,767 277,767 278,767 294,762 305,767 306,767 306,768 380,768 380,767 380,767 415,756 454,756 478,766 479,766 480,766 480,766 491,762 520,766 520,766 613,765 614,765 615,765 629,756 673,755 686,760 686,760 687,760 766,755 778,761 779,761 780,761 780,761 781,761 790,754 806,754 807,743 805,715 719,716 718,716 717,716 694,733 673,733 656,721 655,721 654,721 653,721 653,721 632,727 606,719 605,719 604,719 603,719 581,725 565,722 564,722 563,722 562,722 546,734 514,720 513,720 513,720 494,721 493,721 493,721 481,729 473,725 472,725 471,725 470,725 469,725 454,735 393,735 373,724 372,724 371,724 370,724 369,724 351,735 311,728 310,728 309,728 308,728 296,736 221,736 198,722 193,720 193,720 192,720 191,720 118,723 119,743"/>
        <pc:Baseline points="119,743 248,753 588,750 807,743"/>
        <pc:TextEquiv index="0">
          <pc:Unicode>über mich, daß ich mir keinen Rath</pc:Unicode>
        </pc:TextEquiv>
        <pc:TextEquiv conf="0.9771" index="1">
          <pc:Unicode>über mich, daß ich mir keinen Rath</pc:Unicode>
        </pc:TextEquiv>
      </pc:TextLine>
      <pc:TextLine id="eSc_line_42e0ad10" custom="structure {type:default;}">
        <pc:Coords points="119,791 119,808 153,806 156,808 173,821 173,821 174,821 175,821 176,821 204,809 253,816 253,816 254,816 279,806 282,805 286,806 298,809 299,809 300,809 300,809 301,809 306,806 308,804 313,806 357,818 358,818 359,818 440,817 441,817 455,810 506,816 506,816 507,816 534,802 560,805 561,805 585,801 591,800 593,801 604,806 605,806 606,806 606,806 621,800 622,800 656,815 657,815 658,815 693,812 694,812 695,812 713,799 751,804 752,804 753,804 753,804 762,797 806,796 806,788 803,752 756,757 727,753 725,753 724,753 723,753 722,753 683,771 661,771 632,757 631,757 630,757 629,757 603,772 588,773 504,773 486,760 486,760 485,760 484,760 483,760 482,760 470,768 446,757 446,757 445,757 444,757 440,757 413,762 399,758 395,757 394,757 393,757 393,757 392,757 390,758 365,775 318,764 317,764 316,764 287,776 246,776 222,762 220,760 220,760 219,760 218,760 153,762 152,762 149,762 138,768 118,763 119,791"/>
        <pc:Baseline points="119,791 212,796 400,796 806,788"/>
        <pc:TextEquiv index="0">
          <pc:Unicode>wuſte. Jch fühlte eine Feindſchaft</pc:Unicode>
        </pc:TextEquiv>
        <pc:TextEquiv conf="0.9836" index="1">
          <pc:Unicode>wuſte. Jch fühlte eine Feindſchaft</pc:Unicode>
        </pc:TextEquiv>
      </pc:TextLine>
      <pc:TextLine id="eSc_line_93029bb5" custom="structure {type:default;}">
        <pc:Coords points="117,836 119,856 130,849 160,855 162,855 163,855 166,855 213,847 240,847 253,854 255,854 256,854 257,854 273,853 295,850 298,852 300,854 301,854 302,854 303,854 304,854 305,854 308,852 317,846 332,852 333,852 334,852 335,852 336,852 337,852 337,851 346,846 361,851 373,854 373,854 374,854 375,854 385,850 398,845 411,850 419,853 420,853 420,853 421,853 430,849 432,849 433,849 453,854 454,854 455,854 469,848 471,848 476,848 533,853 533,853 534,853 555,847 566,844 605,844 606,846 615,853 616,853 617,853 618,853 711,852 712,852 713,852 724,843 725,842 780,841 781,833 780,807 722,807 721,807 720,807 720,807 719,808 706,818 686,808 684,808 683,808 682,808 681,808 680,808 680,808 666,817 641,808 634,807 633,807 633,807 632,807 626,809 601,820 536,820 525,812 524,812 523,812 522,812 496,818 478,812 468,808 467,808 466,808 466,808 452,813 426,821 406,821 391,814 381,809 380,809 380,809 379,809 378,809 373,814 364,821 307,821 294,815 280,809 279,809 251,809 250,809 249,809 232,816 220,821 212,817 200,810 199,810 140,810 140,810 139,810 116,818 117,836"/>
        <pc:Baseline points="117,836 409,839 781,833"/>
        <pc:TextEquiv index="0">
          <pc:Unicode>gegen Gott in mir, u. ſahe daß ich</pc:Unicode>
        </pc:TextEquiv>
        <pc:TextEquiv conf="0.9777" index="1">
          <pc:Unicode>gegen Gott ein mir, u. ſahe daß ich</pc:Unicode>
        </pc:TextEquiv>
      </pc:TextLine>
      <pc:TextLine id="eSc_line_ce2150dd" custom="structure {type:default;}">
        <pc:Coords points="92,873 92,892 185,892 186,892 206,898 206,898 207,898 208,898 233,891 233,891 235,891 267,901 268,901 269,901 305,901 305,901 357,899 405,888 406,888 407,888 425,896 426,896 426,896 494,892 525,897 526,897 549,892 566,897 566,897 567,897 645,885 647,885 648,885 672,895 673,895 673,895 747,894 804,882 805,872 802,847 740,861 721,861 703,851 702,851 701,851 700,851 672,861 640,854 639,854 611,857 592,848 586,846 585,846 584,846 583,846 582,846 579,848 558,863 537,863 513,849 512,849 511,849 510,849 509,849 490,864 466,864 444,850 442,848 441,848 440,848 426,848 425,848 424,848 420,850 399,862 378,856 377,856 376,856 375,856 374,856 362,866 270,868 233,868 211,852 210,852 209,852 208,852 91,853 92,873"/>
        <pc:Baseline points="92,873 211,881 413,883 805,872"/>
        <pc:TextEquiv index="0">
          <pc:Unicode>verloren und verdamt war und</pc:Unicode>
        </pc:TextEquiv>
        <pc:TextEquiv conf="0.9993" index="1">
          <pc:Unicode>verloren und verdamt war und</pc:Unicode>
        </pc:TextEquiv>
      </pc:TextLine>
      <pc:TextLine id="eSc_line_82be757d" custom="structure {type:default;}">
        <pc:Coords points="105,912 104,933 157,943 159,943 207,934 208,934 281,934 289,941 289,942 290,942 292,942 293,942 294,942 323,934 332,942 332,943 333,943 335,943 336,944 398,944 398,943 400,943 401,943 411,934 413,934 434,943 435,943 436,943 474,934 478,934 479,934 490,943 491,943 492,943 494,943 539,935 546,934 552,935 588,943 589,944 617,944 617,943 619,943 620,943 620,942 628,935 631,934 655,935 773,943 774,943 818,935 820,922 817,900 748,896 731,887 730,887 728,887 727,887 693,897 674,887 672,887 671,887 563,894 530,887 529,887 528,887 526,887 516,895 504,887 503,887 501,887 500,887 499,887 498,887 488,895 485,899 469,895 453,890 452,890 451,890 449,890 438,894 427,897 422,894 413,887 411,887 410,887 409,887 408,887 406,887 398,894 389,900 194,900 182,890 179,887 178,887 177,887 176,887 105,888 105,912"/>
        <pc:Baseline points="106,913 227,922 350,926 821,923"/>
        <pc:TextEquiv index="0">
          <pc:Unicode>doch war ich überzeugt, daß mir nie⸗</pc:Unicode>
        </pc:TextEquiv>
        <pc:TextEquiv conf="0.9898" index="1">
          <pc:Unicode>doch war ich überzeugt, daß mir nie⸗</pc:Unicode>
        </pc:TextEquiv>
      </pc:TextLine>
      <pc:TextLine id="eSc_line_1dd5a958" custom="structure {type:default;}">
        <pc:Coords points="106,956 105,972 138,970 162,974 195,981 196,981 198,981 199,981 207,976 217,970 271,970 284,977 292,981 293,981 294,981 295,981 297,981 301,977 306,973 318,977 324,980 325,980 327,980 338,978 374,972 396,980 409,984 410,984 462,985 464,985 465,985 478,981 499,973 513,981 518,985 520,985 521,985 522,985 546,982 580,977 586,982 589,985 589,986 590,986 591,986 593,987 634,987 634,986 636,986 637,986 640,984 653,974 675,984 683,987 684,987 685,987 707,985 771,976 803,986 807,965 805,934 688,930 687,930 685,930 684,930 684,931 680,934 672,941 649,934 624,929 623,929 621,929 620,929 611,935 598,943 577,935 563,930 561,930 560,930 537,935 511,942 496,935 477,927 475,927 474,927 473,927 457,935 445,942 358,942 346,937 315,925 314,925 312,925 311,925 294,933 262,926 260,926 259,926 258,926 258,927 247,938 245,939 239,938 207,927 205,927 204,927 203,927 202,927 187,938 186,939 106,939 106,956"/>
        <pc:Baseline points="108,957 385,965 808,967"/>
        <pc:TextEquiv index="0">
          <pc:Unicode>mand helfen konte, als Er. Ich wein⸗</pc:Unicode>
        </pc:TextEquiv>
        <pc:TextEquiv conf="0.9842" index="1">
          <pc:Unicode>mand helfen konte, als Er. Ich wein⸗</pc:Unicode>
        </pc:TextEquiv>
      </pc:TextLine>
      <pc:TextLine id="eSc_line_e2ee3896" custom="structure {type:default;}">
        <pc:Coords points="120,1005 120,1017 140,1021 141,1021 142,1021 143,1021 147,1018 149,1017 240,1017 245,1019 265,1029 266,1029 266,1030 333,1030 333,1029 333,1029 334,1029 340,1024 349,1028 350,1028 351,1028 352,1028 373,1020 375,1020 378,1020 400,1029 400,1029 401,1030 421,1030 421,1029 422,1029 437,1021 440,1020 446,1021 470,1029 471,1029 472,1030 497,1030 497,1029 498,1029 515,1022 527,1017 566,1022 613,1029 613,1029 614,1029 629,1023 637,1020 677,1021 678,1021 679,1021 680,1021 685,1017 720,1024 731,1027 732,1027 733,1027 733,1027 736,1025 740,1022 793,1025 795,1006 793,989 605,989 600,986 587,975 586,975 586,975 558,975 557,975 556,975 539,983 521,975 520,975 485,975 484,975 483,975 472,980 427,975 426,975 426,975 405,982 396,976 395,976 394,976 315,975 314,975 313,975 302,981 296,984 291,981 284,978 283,978 282,978 281,978 270,980 263,982 260,980 253,977 252,977 251,977 250,977 249,977 245,980 233,989 194,989 167,979 156,975 155,975 154,975 120,978 120,1005"/>
        <pc:Baseline points="120,1005 426,1010 795,1006"/>
        <pc:TextEquiv index="0">
          <pc:Unicode>te und betete zu Stundenlang um</pc:Unicode>
        </pc:TextEquiv>
        <pc:TextEquiv conf="0.9902" index="1">
          <pc:Unicode>te und betete zu Stundenlang um</pc:Unicode>
        </pc:TextEquiv>
      </pc:TextLine>
      <pc:TextLine id="eSc_line_9ab10d23" custom="structure {type:default;}">
        <pc:Coords points="113,1060 142,1058 154,1061 166,1065 167,1065 168,1065 169,1065 180,1061 189,1059 221,1059 230,1062 238,1065 239,1065 240,1065 240,1065 246,1062 256,1058 282,1059 292,1063 310,1070 311,1070 312,1070 313,1070 327,1063 334,1060 361,1058 372,1064 380,1069 381,1069 382,1069 422,1070 423,1070 424,1070 435,1065 439,1062 521,1057 555,1066 565,1068 566,1068 566,1068 580,1066 615,1060 637,1066 645,1069 646,1069 646,1070 705,1070 705,1069 706,1069 706,1069 709,1067 726,1057 770,1057 796,1068 797,1068 798,1069 819,1069 820,1047 819,1027 808,1020 807,1020 806,1020 806,1020 741,1026 713,1018 713,1018 712,1018 711,1018 710,1018 699,1026 687,1033 601,1033 585,1025 571,1018 570,1018 513,1018 512,1018 511,1018 499,1023 479,1033 411,1033 394,1023 393,1023 393,1023 377,1023 376,1023 375,1023 352,1034 279,1034 266,1025 265,1025 264,1025 263,1025 224,1033 202,1020 201,1019 200,1019 200,1019 113,1019 113,1047 113,1060"/>
        <pc:Baseline points="113,1047 401,1053 820,1047"/>
        <pc:TextEquiv index="0">
          <pc:Unicode>Erbarmung. Meine Eltern ſahen mir</pc:Unicode>
        </pc:TextEquiv>
        <pc:TextEquiv conf="0.9977" index="1">
          <pc:Unicode>Erbarmung. Meine Eltern ſahen mir</pc:Unicode>
        </pc:TextEquiv>
      </pc:TextLine>
      <pc:TextLine id="eSc_line_dddd0b3d" custom="structure {type:default;}">
        <pc:Coords points="99,1085 98,1098 151,1104 152,1104 173,1100 186,1110 187,1110 188,1110 225,1112 226,1113 324,1113 324,1112 325,1112 326,1112 342,1100 376,1112 377,1112 378,1112 439,1111 440,1111 440,1111 456,1100 462,1100 478,1099 500,1100 540,1103 540,1103 553,1100 562,1099 566,1100 580,1108 580,1108 606,1112 606,1113 637,1113 637,1112 638,1112 680,1101 687,1100 762,1100 765,1101 773,1106 774,1106 775,1106 804,1101 805,1088 803,1062 753,1060 752,1060 751,1060 748,1062 740,1066 717,1062 707,1060 706,1060 706,1060 705,1060 703,1062 685,1074 655,1074 635,1062 634,1062 633,1062 633,1062 632,1062 631,1062 611,1074 499,1074 484,1062 481,1060 480,1060 480,1060 479,1060 452,1063 425,1065 418,1063 413,1061 413,1061 412,1061 411,1061 407,1063 396,1067 353,1063 328,1060 327,1060 326,1060 320,1063 298,1073 283,1063 280,1060 279,1060 278,1060 241,1060 240,1060 240,1060 234,1063 214,1074 146,1074 126,1063 120,1060 120,1060 119,1060 99,1063 99,1085"/>
        <pc:Baseline points="99,1085 203,1092 613,1093 805,1088"/>
        <pc:TextEquiv index="0">
          <pc:Unicode>meine Verlegenheit an u. redeten</pc:Unicode>
        </pc:TextEquiv>
        <pc:TextEquiv conf="0.9903" index="1">
          <pc:Unicode>meine Verlegenheit an u. redeten</pc:Unicode>
        </pc:TextEquiv>
      </pc:TextLine>
      <pc:TextLine id="eSc_line_ddfec4ec" custom="structure {type:default;}">
        <pc:Coords points="106,1145 158,1145 159,1145 164,1149 165,1149 166,1149 166,1149 209,1146 218,1145 220,1146 250,1158 251,1158 252,1159 286,1159 286,1158 287,1158 318,1148 369,1153 370,1153 400,1146 409,1145 420,1147 436,1151 437,1151 457,1149 472,1157 473,1157 473,1158 540,1158 540,1157 541,1157 553,1151 594,1155 595,1155 596,1155 620,1149 644,1157 645,1157 646,1157 646,1157 662,1149 663,1149 681,1157 682,1157 683,1157 732,1155 733,1155 733,1155 740,1150 743,1148 798,1150 799,1133 797,1111 754,1106 753,1106 735,1110 720,1113 713,1110 701,1105 700,1105 700,1105 666,1109 640,1105 640,1105 639,1105 638,1105 632,1110 622,1117 609,1117 598,1110 590,1105 589,1105 588,1105 587,1105 556,1109 524,1105 523,1105 522,1105 521,1105 515,1109 505,1117 479,1117 459,1109 449,1106 448,1106 447,1106 446,1106 440,1109 424,1118 273,1118 259,1108 255,1106 254,1106 253,1106 151,1106 150,1106 149,1106 148,1106 145,1108 140,1112 106,1108 106,1128 106,1145"/>
        <pc:Baseline points="106,1128 308,1139 799,1133"/>
        <pc:TextEquiv index="0">
          <pc:Unicode>mir zu; aber da half nichts, die</pc:Unicode>
        </pc:TextEquiv>
        <pc:TextEquiv conf="0.9868" index="1">
          <pc:Unicode>mir zu; aber da half nichts, die</pc:Unicode>
        </pc:TextEquiv>
      </pc:TextLine>
      <pc:TextLine id="eSc_line_2746de51" custom="structure {type:default;}">
        <pc:Coords points="119,1175 119,1191 201,1195 202,1195 246,1192 262,1191 266,1192 280,1199 281,1199 282,1199 326,1194 346,1198 347,1198 348,1198 349,1198 355,1192 356,1192 360,1192 388,1199 389,1199 480,1199 480,1199 508,1193 513,1192 525,1193 558,1196 559,1196 560,1196 560,1196 564,1193 568,1190 581,1193 596,1198 597,1198 598,1198 599,1198 612,1193 624,1190 655,1190 670,1194 684,1198 685,1198 686,1198 815,1194 816,1176 814,1153 724,1148 723,1148 722,1148 713,1153 701,1159 609,1159 587,1153 586,1153 586,1153 585,1153 570,1159 454,1159 432,1152 423,1149 422,1149 421,1149 408,1152 394,1155 367,1152 343,1149 342,1149 341,1149 333,1152 308,1159 277,1155 276,1155 275,1155 260,1159 237,1152 230,1149 229,1149 228,1149 118,1151 119,1175"/>
        <pc:Baseline points="119,1175 413,1183 816,1176"/>
        <pc:TextEquiv index="0">
          <pc:Unicode>ganze Welt war mir zu enge. Die</pc:Unicode>
        </pc:TextEquiv>
        <pc:TextEquiv conf="0.9892" index="1">
          <pc:Unicode>ganze Welt war mir zu enge. Die</pc:Unicode>
        </pc:TextEquiv>
      </pc:TextLine>
      <pc:TextLine id="eSc_line_ff4d2ad4" custom="structure {type:default;}">
        <pc:Coords points="127,1220 127,1233 149,1239 150,1239 151,1239 238,1234 243,1234 244,1234 253,1241 253,1241 254,1241 255,1241 310,1234 316,1234 323,1235 384,1241 385,1242 466,1242 466,1241 466,1241 486,1236 541,1241 542,1241 543,1241 563,1236 573,1233 604,1236 641,1239 642,1239 656,1236 669,1233 717,1233 721,1237 726,1240 726,1240 727,1240 728,1240 751,1237 768,1233 793,1233 800,1237 806,1240 806,1240 807,1240 808,1240 823,1237 823,1222 821,1204 798,1204 797,1203 779,1193 778,1193 777,1193 740,1202 736,1203 733,1202 713,1192 712,1192 711,1192 710,1192 695,1199 686,1191 685,1191 684,1191 649,1190 605,1190 604,1190 603,1190 581,1199 573,1203 551,1199 507,1191 506,1191 506,1191 489,1198 475,1204 413,1204 400,1197 394,1194 393,1194 393,1194 392,1194 387,1196 376,1202 299,1204 266,1197 266,1197 240,1202 228,1193 225,1191 224,1191 223,1191 222,1191 205,1193 189,1196 185,1193 182,1191 181,1191 180,1191 180,1191 126,1192 127,1220"/>
        <pc:Baseline points="127,1220 203,1224 823,1222"/>
        <pc:TextEquiv index="0">
          <pc:Unicode>Welt war mir auch auf einmal</pc:Unicode>
        </pc:TextEquiv>
        <pc:TextEquiv conf="0.9997" index="1">
          <pc:Unicode>Welt war mir auch auf einmal</pc:Unicode>
        </pc:TextEquiv>
      </pc:TextLine>
      <pc:TextLine id="eSc_line_34159bab" custom="structure {type:default;}">
        <pc:Coords points="811,1262 809,1245 762,1245 762,1244 741,1234 740,1234 740,1234 709,1239 700,1232 700,1232 699,1232 640,1232 639,1232 638,1232 613,1244 612,1245 574,1245 573,1244 561,1238 560,1238 560,1238 517,1240 508,1233 507,1233 506,1233 482,1233 481,1233 480,1233 480,1233 464,1243 449,1238 448,1238 447,1238 417,1243 405,1245 395,1243 383,1240 382,1240 361,1243 342,1245 329,1243 299,1237 298,1237 263,1242 247,1245 244,1242 232,1233 231,1233 230,1233 206,1233 206,1233 205,1233 187,1242 186,1243 184,1242 170,1233 169,1233 168,1233 147,1233 146,1233 146,1233 145,1233 133,1242 130,1245 120,1242 119,1266 120,1281 135,1274 144,1281 155,1290 156,1290 157,1290 158,1291 190,1291 190,1290 191,1290 210,1280 224,1273 248,1273 269,1279 305,1290 306,1290 306,1290 340,1285 468,1290 469,1290 470,1290 471,1290 492,1276 496,1273 505,1276 533,1285 533,1285 534,1285 535,1285 536,1285 551,1276 551,1275 553,1275 661,1275 697,1285 698,1285 699,1285 700,1285 720,1274 811,1272 811,1262"/>
        <pc:Baseline points="119,1266 655,1266 811,1262"/>
        <pc:TextEquiv index="0">
          <pc:Unicode>ſo zu wider, daß ich mit keinem</pc:Unicode>
        </pc:TextEquiv>
        <pc:TextEquiv conf="0.9905" index="1">
          <pc:Unicode>ſo zu wider, daß ich mit keinem</pc:Unicode>
        </pc:TextEquiv>
      </pc:TextLine>
      <pc:TextLine id="eSc_line_32612233" custom="structure {type:default;}">
        <pc:Coords points="113,1333 167,1348 168,1348 169,1349 213,1349 213,1348 214,1348 240,1334 271,1345 272,1345 273,1345 273,1345 274,1345 289,1333 292,1332 315,1330 357,1330 366,1333 391,1345 392,1345 393,1345 393,1345 434,1334 452,1345 453,1345 453,1345 454,1346 517,1346 517,1345 518,1345 519,1345 531,1337 546,1341 547,1341 548,1341 549,1341 566,1333 574,1331 586,1333 611,1340 612,1340 613,1340 613,1340 634,1333 655,1327 711,1327 722,1333 724,1335 725,1335 726,1335 726,1335 727,1335 733,1333 744,1331 750,1333 758,1338 759,1338 760,1338 806,1333 806,1308 803,1283 780,1293 753,1284 752,1284 751,1284 750,1284 740,1287 724,1284 721,1283 720,1283 720,1283 681,1284 680,1284 660,1293 609,1286 608,1286 607,1286 586,1296 574,1296 560,1285 560,1285 559,1285 533,1285 532,1285 531,1285 530,1285 514,1297 396,1297 383,1287 382,1287 381,1287 358,1286 357,1286 303,1298 247,1298 227,1287 226,1287 226,1287 225,1287 224,1287 209,1298 172,1297 162,1289 161,1289 160,1289 113,1288 113,1308 113,1333"/>
        <pc:Baseline points="113,1308 264,1315 806,1308"/>
        <pc:TextEquiv index="0">
          <pc:Unicode>Menſchen mehr umgehen wolte und</pc:Unicode>
        </pc:TextEquiv>
        <pc:TextEquiv conf="0.9926" index="1">
          <pc:Unicode>Menſchen mehr umgehen wolte und</pc:Unicode>
        </pc:TextEquiv>
      </pc:TextLine>
    </pc:TextRegion>
    <pc:TextRegion id="eSc_textblock_beadbd5c" custom="structure {type:text;}">
      <pc:Coords points="846,788 844,788 844,785 846,785"/>
    </pc:TextRegion>
  </pc:Page>
</pc:PcGts>
