1000 1564
792 86 869 139 549.
151 163 753 220 Jedem ich nun von Danck entbren̅te
142 209 770 269 und eurer Eh‘ mit frohem Geiſt,
149 258 678 310 Ein hohes Segens⸗Alter gönte,
191 296 731 359 so hör ich, du biſt heimgereiſt!
145 372 759 434 Ach kennt‘ ich nicht das beſte Herze,
193 423 787 475 den allzeit treuen Jeſus⸗Sinn;
143 458 805 530 ich ſänck bey Bruder Clemens Schmerze,
181 501 711 565 wahrhaftig in die Wehmuth hin!
147 542 818 607 Um meiner Schweſter fällt kein Trauren,
199 589 730 649 bey ihrer ewgen Ruh auf mich.
169 634 826 691 Nur du kanſt mich recht ſchmerzlich dauren
210 676 764 741 ich wein‘, o Bruder, blos um dich!
163 762 748 821 Ihr Gnadenloos das him̅liſch schöne,
150 808 775 861 darnach ſie ſich vor längſt geſehnt,
162 853 744 909 Erregt in mir ein Lob⸗getöne;
191 892 788 947 zum Dancken hat mich Gott gewöhnt.
156 934 746 987 Ach ſtim̅ten alle Tröpflein Blutes
175 985 746 1032 in mir ein ſüßes Dancklied an,
157 1027 713 1080 für alle Treu, für alles Gutes
208 1071 793 1124 was unſer Herr an ihr gethan!
207 1197 826 1252 daß mans nicht ſanfter wünſchen könt‘.
162 1249 767 1317 Ein langes Lager iſt beſchwerlich;
149 1136 817 1202 Und ſelbſt ihr Heimruf iſt ſo herrlich,
