1000 1564
793 93 884 145 535.
130 164 801 225 ganz aparte Arbeit des heiligen Geiſtes
121 212 798 265 und hat ſich noch vorher angefangen,
122 242 835 311 ehe der ſelige Jünger die Praeparations⸗
117 289 819 343 Reden hielt. Die kamen mir aber recht
121 326 803 388 zu ſtatten. Meine Bedencklichkeit hat
119 372 814 436 mich wol oft dahin gebracht, zu dencken,
109 416 780 484 Bin ich auch Ein Geiſt mit Jhm? Dazu
125 462 802 519 kan ich weiter nichts ſagen, als: ich fühle
129 504 806 558 daß ich mich nähren, ſezen und ſtillen
122 542 812 604 muß am Manne Jeſu Chriſt. Sein Nahe⸗
117 582 818 647 und da ſeyn muß mich nicht verlaßen,
120 633 793 688 ſonſt bin ich aus. Und wen̅ alle Ge⸗
118 672 807 732 ſchwiſter von mir dächten, ich wäre gut;
118 714 801 776 was hülfe mirs? Wen̅ der Freund ſich
122 763 796 819 meiner Seele wolte entziehen; ſo kan
120 802 810 860 und will ich keinen Moment mehr ſeyn.
112 842 806 902 freylich habe ich ſchon oft gedacht: Eilf
120 894 802 941 Jahr unter ſeinem Volck zu ſeyn u.
123 934 802 990 noch nicht in allen Stücken Jeſushaft zu
121 977 806 1034 ſeyn; das iſt mir ein tiefer Schmerz.
144 1020 803 1074 Doch weiß ich, daß Er und der heilige
119 1062 803 1118 Geiſt darauf arbeitet und Er ken̅t
112 1106 802 1159 mein tiefes Sehnen, Sein elendes, doch
111 1149 812 1199 nach Seinem Herzen gewandeltes Kind
124 1192 734 1246 zu ſeyn! So weit ihr aufſaz.
153 1231 812 1290 Am 4ten May 1758 wurde ſie in Hhuth
117 1270 834 1354 zur Avoluthie angenom̅en, u. d. 19. Januar.
