1000 1564
155 94 247 146 536.
192 156 865 229 1761 zur Diaconiſsae eingeſegnet.
199 209 881 260 Die lezten Jahre ward ſie im Chor
194 251 880 302 als Stuben⸗Vorgeſezte und zum Geſell⸗
193 292 889 354 ſchaftshalten, auch zur Gehülfin in der
184 337 870 389 Arbeit unter den led. Schweſtern in
186 381 854 434 der Diaspora gebraucht, welches ſie
192 424 886 473 mit einem herzen voll Treue und Liebe
198 469 650 521 zu den Seelen beſorgte.
212 500 880 555 Am 24ten febr 1762 wurde ſie mit
195 542 890 604 unſerm l. Bruder Joh. Gottlieb Clemens
191 591 886 649 in Hhuth zur heiligen Ehe verbunden,
190 638 887 692 welche der Heiland im nächſt folgen⸗
181 683 890 737 den Jahr mit einem Söhnlein ſegnete,
182 723 866 784 das Er nach 19 Tagen wieder zu ſich
193 768 866 821 nahm. Jhre Treue, Liebe u. ihr an
193 804 873 866 Freud und Leid theilnehmendes Herz
176 852 877 907 ſo wohl gegen ihren Mann, als alle
197 898 873 946 Geſchwiſter in der Gemeine und
195 939 867 993 Diaspora, bleibt in aller Herzen
194 978 875 1033 unvergeßlich. Sie ſuchte und flehete
192 1028 895 1074 zum Heiland um eines jeden Gedeyen
180 1070 893 1117 und Wohlergehen. Man kan ſagen: Sie
198 1111 901 1161 liebte unſre Wendiſche Nation mit gan⸗
191 1153 897 1205 zem Herzen und ihr aufrichtiger und
180 1192 906 1244 treuherziger Umgang und Wandel legi⸗
184 1239 895 1286 timirte ſie bey jedem treuen Herzen.
201 1281 889 1351 Jhr Herz war eben von der Marter
793 1318 868 1382 Jeſu
