1000 1564
142 98 230 146 538.
199 173 849 225 ihr munterer Geiſt aber und die
191 218 891 274 Gnade Jeſu erhielt ſie aufgerichtet und
194 265 877 312 zum Mühen für Jhn unverdroßen.
156 299 887 364 Dabey blieb ſie in Erkentniß ihrer
179 344 860 400 Armuth und nan̅te ſich gern des
183 384 513 437 Heilands Elende.
230 419 874 482 Zu Anfang des Monats Mart. 1771.
180 470 865 522 war ſie noch mit ihrem lieben Man̅
185 510 861 563 in Hhuth; und auf der Rückreiſe
181 552 844 607 beſuchte ſie die Societaeten in
190 590 886 650 Alt⸗Loebau und Sornzig, mit vielem
193 642 862 690 Vergnügen. Dan̅ continuirte ſie
196 677 849 731 hier ihre täglichen Geſchäfte, und
181 714 900 778 Beſuche bey den krancken Schweſtern,
193 761 873 809 bis ſich am 19ten Mart. als dem Tage
192 803 869 852 da ſie 9 Jahre hier war, eine Bruſt⸗
188 837 887 895 Kranckheit bey ihr äußerte. Daher ſie
198 881 898 933 ſich am 22ten ganz inne zu halten anfing.
161 921 889 973 Nach allen treulich angewandten Mitteln,
193 959 892 1013 ſahe man die 2 lezten Tage, daß der
168 996 893 1058 Heiland bey Gelegenheit dieſer Kranck⸗
177 1042 877 1094 heit, ſie in Seine ewige Ruhe rufen
186 1078 904 1127 wolle. Jhren lieben Mann hat ſie zärt⸗
193 1121 885 1170 lich lieb gehabt und während ihres Bey⸗
200 1165 885 1212 ſam̅en ſeyns mit einer Treue bedient,
173 1200 900 1251 die Gott allein vergelten kan. Mit der⸗
199 1239 900 1293 ſelben überdachte ſie am 26ten Nachmit⸗
200 1286 848 1356 tags mit danckbarm Herzen, ihren
753 1323 873 1403 ganzen
