1000 1564
155 94 246 148 550.
246 172 840 232 ihr gab Gott bald ein ſeligs End.
242 217 890 277 Er ſprach mein Kind, kom nun herüber
269 264 746 315 ins ewige geſunde Reich!
215 308 889 363 Du wilſt mich! ich bin da, mein Lieber!
265 352 839 425 So ging ſie hin zu Jhm u. gleich!
207 429 860 477 6.) Die in Ebersdorf entſchlafene
191 471 873 528 ledige Schweſter Maria Netz ſteinin
191 519 892 565 ward. 4.5ten Apr. 1722 zu Cmiingen
192 556 873 609 in Schwaben geboren. Sie. hat von
194 598 885 661 chrein Lebenslauf folgende Nachricht
191 645 461 700 hinterlaßen:
231 679 863 743 „Meine liebe Eatern gäben ſich
191 734 894 784 alle Mühe, mich nach ihrer irkenteiß
190 781 890 831 Gottesfürchtig und ehrbar zu erziehen.
185 817 888 872 So bald ich etwas leſen konte, regte
191 861 872 913 ſich eine Unruhe in meinem Gemuth,
191 907 883 954 und es fiel mir ein: So bin ich nicht
194 946 840 996 wie ichs leſe; ich werde wol nicht
193 990 883 1044 ſelig werden, Wen̅ ich nicht anders
189 1033 881 1086 werde. Jch gab mir den̅ Mche, meinen
193 1079 858 1132 lieben Eltrrn recht gehorſam zu
192 1119 856 1179 ſeyn und überhaupt ſtil u. ftom̅
196 1158 885 1216 zu leben. Damit hab ich geleyenheit,
193 1205 877 1259 daß mir der Pfarrer unſres Orts
192 1255 886 1305 beförderlich war noch vor meinem
198 1298 877 1369 12ten Jahr zum heiligen Atendmaht
817 1339 870 1391 zu
