1000 1564
784 89 869 141 543.
108 166 807 223 hat mir alles vergeben, wo ich was ver⸗
108 205 797 260 ſehen; ich habe auch vergeben; ich werde
110 246 804 304 vor dem Heiland an euch dencken; ich
110 286 793 352 habe alle lieb gehabt! Man iſt nicht
108 335 800 388 im Stande alles anzuführen, was ſie
106 375 780 433 in der kurzen Zeit ihrer Kranckheit
105 421 802 480 und ſonderlich den lezten Tag, bis ihr
109 466 807 520 Othem ſtille ſtund, von ihrer nach dem
106 505 807 569 Heiland hinlangenden Herzens⸗Begierde
114 553 395 602 geäußert hat.
127 588 784 649 Dieſen lezten Abend genoß ſie noch
115 633 795 697 mit großer Sehnsucht, den Leib und
119 674 796 735 das Blut Jeſu, im heil. Abendmahl,
117 723 804 779 unter einem wahren Gottes⸗Frieden.
113 768 802 825 Nachher ſagte ſie: wenig Augenblicke
115 805 786 861 ſinds, ſo iſts vorüber, da ſind wir
116 846 796 907 beyſam̅en, ich und mein Lieber. Ans
116 893 792 948 Leichlein, an das Blaße, da halte ich
115 928 795 999 mich veſt, ſo daß ichs Leben laße p
118 977 805 1033 welches man etliche mal hörte. Auch
120 1020 806 1078 wiederholte ſie oft mit Blicken nach
132 1058 780 1118 der Höhe, die Worte: Ließ doch
117 1102 810 1159 lieber Heiland, die Schrift, die mir
109 1141 807 1209 zu gut in deinen Händen blieben p
119 1191 789 1243 Aus dem Liede auch ſchau doch deine
120 1224 828 1282 Hände an, durch die ich bin formiret p
122 1271 810 1356 Bey ihrer Mattigkeit erin̅erte ſie ſich
