1000 1564
163 93 248 146 548.
241 167 861 225 Er kante die noch trüben Stunden,
286 212 886 268 die Schwachheit die dich treffen wird;
234 254 878 308 Sein Knecht, mit dem Er dich verbunden,
290 296 829 367 war dir aus Liebe zugeführt.
230 368 852 443 Er gab dich Jhm zur treuen Pflege
271 431 842 478 Und ſorgte gar zu ſchön vor dich.
222 471 872 526 Hierbey wird mir mein in̅res rege,
270 510 813 565 mein ganzes Herz erfreuet ſich,
224 551 880 611 wen̅ ich an Bruder Clemens dencke,
288 596 812 651 an ſeine dir bewieſne Treu;
234 636 887 695 Hilf Herr! daß ich für dis Geſchenke,
273 684 867 743 für dieſen Bruder danckbar ſey!
226 762 873 824 Die Kranckheit grif die Seele härter
286 815 854 865 als jemals an, und währte lang;
238 856 860 906 Bey deinem guten Kranckenwärter
292 901 865 949 ward mir doch über dich nicht bang.
239 947 853 997 Er trug gedultig deine Schwächen
293 984 897 1042 und hielt ſich, wen̅ es mißlich ſtund
236 1031 837 1080 an Jeſu treueſtes verſprechen
271 1071 780 1133 und betete dich auch geſund.
231 1150 828 1206 Du wurdeſt völlig froh u. munter
285 1195 866 1251 und dienteſt Jeſu ganz von neu’n;
240 1242 868 1303 Auch miſchte ſich die Hofnung drunter,
274 1293 871 1358 daß du noch lange hier würdſt ſeyn.
780 1333 886 1390 Jedem
