1000 1564
788 93 872 142 533.
128 163 788 218 meiner Mutter und Geſchwiſtern los,
126 210 806 258 ging mit großer Freudigkeit nach Hhuth
119 247 810 298 und kam d. 15ten febr. 1749 daſelbſt an.
117 288 793 344 Die Looſung des Tages hieß: Du haſt
118 336 781 383 wenig Namen zu Sarden. Wär’n
121 373 827 424 gern allzumal auf dem Brüder⸗Saal
112 424 819 476 bey dem Abendmahl. Jch zog gleich ins
120 469 818 516 Schweſternhaus und bat den Heiland
120 508 799 555 mit vielen Thränen mich nicht eher in
118 538 804 602 die Gemeine aufnehmen zu laßen,
112 586 808 645 bis der rechte Moment da wäre;
117 635 817 688 den̅ ich wolte alle Gnaden in der
121 677 808 728 Gemeine aus Seiner Hand nehmen.
120 718 784 775 Am 26ten Januar 1750 wurde ich in
122 765 783 818 die Gemeine aufgenom̅en. Die
119 807 790 859 Freude die ich darüber empfand,
103 848 818 907 kan ich nicht beſchreiben. Jch fühlte mich
120 894 777 941 aber nach der Aufnahme ſo arm
119 934 794 988 und ſchlecht, daß ich dachte: So bald
123 983 809 1032 werde ich nicht mit zum Sacrament
116 1019 823 1079 gelangen; ob ich gleich eine große Sehn⸗
118 1065 818 1121 ſucht darnach fühlte. Aber wieder
116 1106 791 1158 mein Vermuthen hatte ich am 23ten
120 1145 809 1199 May deßelben Jahrs, die Gnade, des
113 1183 808 1248 heiligen Abendmahls theilhaftig zu werden.
115 1232 793 1288 Jch ſtund ſehr beſchämt vor dem l.
113 1283 778 1350 Heiland da und dachte: Jſts möglich,
