1000 1564
176 90 257 141 544.
202 173 889 222 einige mal, daß der Heiland ſein
186 213 893 265 müdes Haupt nicht ſtille halten konte.
198 256 893 305 zulezt sagte ſie: wen̅ ſich einer auf
198 305 895 352 was freuet, und muß ſo lange warten!
167 340 908 396 Man fragte ſie worauf ſie dan̅ warte?
193 387 873 434 Sie ſagte: Jn die blutige Wunden
193 424 901 477 über zu gehen. Eile, lieber Heiland!
193 473 900 523 und hole deine Sünderin! Das waren
198 508 904 566 ihre lezten Worte und unter der Litur⸗
195 555 893 607 gie ihres Mannes, nahete sich am 27 Merz
192 589 886 654 1771 früh bey Gelegenheit eines Steck⸗
197 642 870 691 flußes, der ſelige Moment, da dieſe
195 678 880 738 Magd des Herrn, als Seine verſöhnte
188 732 876 780 Sünderin mit dem Segen des Herrn
196 776 890 822 und Seiner Gemeine, in Jeſu arm u.
193 812 861 861 Schooß, ſanft und ſelig überging;
186 853 903 909 nachdem ſie bis ins 47te Jahr gelebt hatte.
195 899 890 961 Jhr Bruder Carl Rudolph Reichel hat
187 938 891 996 nachſtehendes untermiſchtes Hallelujah
193 987 882 1044 und Jesu Miſerere! bey dem Geschwinden
192 1035 865 1089 und seligen Heimgang seiner lieben
189 1081 547 1140 Schwester geſungen:
216 1148 874 1208 Iſts doch, als wenns kaum möglich wäre,
256 1197 813 1250 So ſchnell, ſo plözlich heimzugehn!
199 1232 804 1307 Daß mir in dem ichs ſeh u. höre,
260 1287 815 1351 die Sinnen drüber ſtille ſtehn:
781 1324 869 1392 Theils
