1000 1564
155 93 237 143 532.
193 160 861 215 ich wurde ihr verächtlich. Das währte
188 208 883 261 ein halbes Jahr; mein Vater ging dar⸗
193 251 877 305 über aus der Zeit. Mein Bruder kam
186 299 857 346 von Gotha, da ich ihm den̅ meine Noth
189 340 892 394 offenbarete. Er ſagte mir den ſimplen
197 383 858 435 evangeliſchen Weg, daß man als
189 420 894 477 ein Sünder zum Heiland kom̅en müße.
182 467 848 516 Da dachte ich: Jſt die Bekehrung
186 503 903 568 ſo, ſo iſt auch für mich noch Rath u.
186 557 865 609 faßte ein Herz zum Heiland. Jch
179 600 901 645 kam darauf im Jahr 1747 zu meinem
186 636 891 688 Bruder nach Hermsdorff, wo er Pfar⸗
178 680 904 746 rer war. Von da ging ich nach Herrn⸗
187 720 874 780 huth zum Beſuchen und krigte gleich
185 768 862 820 ein Verlangen bey dem Volck zu
188 814 862 872 wohnen. Jch ſagte es auch den Ge⸗
192 852 876 914 ſchwiſtern in Hhuth, fand aber ſehr
166 900 884 947 wenig Glauben und man wieß mich
188 941 884 989 im̅er ab. Da redete ich mit dem
185 982 880 1036 Heiland ganz darüber aus, u. ſagte
191 1027 881 1078 Jhm: wen̅ ich nicht zur Gemeine ge⸗
171 1069 886 1122 hörte, oder wen̅ ich auch zu ihr käme,
176 1109 865 1165 und nicht ganz gedeyen ſolte; ſo
179 1153 875 1207 wolte ich nicht hin! Jndeßen war
196 1199 879 1246 ich ſtille und erwartete wie es gehen
188 1243 877 1299 würde. Auf einmal krigte ich Er⸗
189 1292 884 1360 laubniß zu kom̅en, war auch gleich von
766 1334 898 1385 meiner
