1000 1564
791 97 873 145 539.
120 163 786 218 ganzen Gang und ihre 9 jährige Ehe
113 207 799 272 und hielt eine unvergeßliche Herzens⸗
119 248 404 298 Bande mit ihm.
130 285 806 337 Nun war ihr nichts übrig, als ihrer
120 331 816 384 Vollendung entgegen zu eilen. Ein Zeug⸗
117 373 786 429 niß von ihres Herzens Stellung, ſiehet
117 423 807 471 man aus folgendem Liede, das sie ih⸗
116 463 806 523 rem lieben Mann zu ſeinem Geburts⸗
125 502 467 568 Tage gemacht hat:
166 544 707 601 Läm̅lein laß mein Lallen
187 590 639 653 Dir nur ſchon gefallen,
249 638 698 687 nim̅ die Seufzer an,
207 676 738 731 Die mein Herz dir bringet
214 724 748 775 Und mit Danck dir ſinget;
256 766 708 817 ob ich gleich nichts kan;
200 808 715 857 So möcht ich doch dieſen Tag
193 851 741 901 Deine Füße thränend küßen
250 894 747 956 Und vor dir zerfließen.
186 934 593 991 Solt ich all’s erzehlen
195 983 633 1034 wie viel würde fehlen,
248 1025 656 1076 was du haſt gethan
194 1060 567 1117 an ſo einer Made
191 1105 760 1160 Wie viel Treu und Gnade!
242 1147 526 1200 O! ich bete an;
201 1184 759 1239 fall dir ſünderhaft um’n hals
192 1229 779 1287 küß mit Thränen deine Wangen
217 1276 673 1358 für das, wies gegangen.
