1000 1564
144 97 224 145 528.
200 163 899 227 Fleiß und ſeine Bemühung ſo geſegnet
182 213 845 259 daß es ſeiner Zahlreichen Fam ilie
174 258 857 305 me gefehlt hat. Er hatte einen
183 291 886 344 Sohn und 5 Töchtere, welche alle noch
189 333 869 384 am Leben sind. Am 4ten Nov. 1770
190 375 892 424 war er zum lezten mal in Fullneck
182 417 893 474 und hieht eine herzliche Unterredung
173 459 881 516 mit ſeinem Chortelfer. Lags dar⸗
185 503 874 552 auf wurde er an einem Fieber
185 541 873 599 thranck. Von ſeinen Herzeus⸗Um⸗
188 584 885 638 ſtänden erklärte er ſich recht ge⸗
188 625 896 685 fühlig. Einmal ſagte er zu einer
178 671 876 722 Frau. Jch freue mich auf meinen
189 711 896 758 heimgang und bin über alles getröſtet
192 749 900 793 ausgenonen über dich und unſre Kinder;;
196 779 871 828 aer wenn ihr euch zu den Brüdern
194 808 896 868 haltet und ihren Rath befolget, ſo werd
189 853 766 903 euch dey E⸗Heiland durchhelfen
210 885 880 937 Am 3ten Dec. beſuchte Jhn ſein Chor⸗
194 927 886 974 Helfer und fand ihn wal ſehr ſchwach,
185 961 901 1020 lafer munter und Vergnüht . Es wurde
196 1005 896 1058 ihm eine Heimgangs⸗Aituirgie gehalten
172 1047 893 1094 und wenig Stünden nachher, ging er
197 1080 904 1141 ſanft und ſelig in Jeſus Urm und Schoof
170 1123 897 1185 üner, nachdem er 37 Jahr und einen
194 1170 576 1223 Tag gelebt hatte.
226 1209 873 1266 5.) Die ſelige Schweſter Johanna
196 1256 912 1315 Augusta Clemensin, geborne Reichelin
193 1312 910 1359 in Kleinwelcke, hat von ihrem Gang
727 1346 911 1395 durch
