1000 1564
142 94 230 147 530.
181 165 853 218 mit zum heiligen Abendmahl gehen
188 213 886 271 ſolte. Die Sache war mir ſehr groß
158 256 886 311 und der Heiland hat gewiß damals
167 304 887 352 mein Herz gleich ganz haben wollen.
186 351 886 402 Ich vergoß viele Thränen und gab mich
172 389 879 443 Jhm hin. Ob ich gleich nachher manch⸗
180 435 859 483 mal anders dachte, und mein Hang
191 474 866 527 zur Welt fühlte; so wuſte ich doch,
180 516 880 563 daß ich ſo nicht beſtehen könte und
179 556 899 609 war allemal wen̅ ich mit zum Abend⸗
173 603 873 656 mal ging, geſchlagen und nahm mir
194 641 872 694 vor, ich wolte beßer werden. Jn
185 687 888 742 den folgenden Jahren fühlte ich allerhand
184 735 886 782 Luſt zum böſen in mir; aber der
181 773 859 828 Hochmuth und das Verlangen, bey
158 815 883 864 meinen Eltern das gute gehorſame
191 854 860 908 Kind zu bleiben, hielt mich zurück.
193 900 876 951 Jm Jahr 1741 kam mein aelteſter
176 941 892 994 Bruder nach Hauſe und wurde er⸗
187 980 888 1035 weckt; fieng auch an ſehr zu predigen
192 1030 861 1083 und wolte uns alle bekehren. Ob
194 1074 869 1122 ich mich gleich noch nicht ganz dazu
177 1112 872 1166 entschloßen hatte, den̅ die Welt
182 1158 869 1212 war mir noch lieb, ſo wolte ich
187 1201 882 1256 doch auch nicht zurück bleiben. Wir
191 1247 877 1300 10 Geſchwiſter machten bey einem
196 1291 908 1352 Abendmahl im Jahr 1743 mit einander
811 1329 886 1379 den
