1000 1564
780 93 859 143 537.
133 158 805 223 Jeſu und der eigenen Erfahrung Seiner
122 205 803 255 unbegreiflichen Liebe und vielen Ver⸗
119 246 806 298 gebens, ſo durchdrungen, daß ſie aus
113 288 839 346 dem Gefühl mit ihren Schweſtern handelte
119 336 804 384 ſonderlich in den lezten Jahren, da
120 371 802 426 ſie Chorhelferin im Ehechor war. Sie
120 417 799 474 dachte über jede Seele mitleidig und
120 462 790 517 hofnungs⸗voll, daß wen̅ ſie noch
114 505 798 559 nicht ſelig wäre, ſie es noch werden
116 550 804 606 könte, und machte ihr Muth zum Hld.
119 591 780 642 Gar kein Mißvergnügen konte ſie
114 641 800 685 gegen irgend jemand tragen u. auf
113 680 814 731 den andern Tag behalten. Sie ent⸗
116 723 808 780 ſchuldigte gern, vergab und liebte u.
113 769 812 825 äußerte oft dabey: Kan̅ was ſchlech⸗
125 812 812 867 ters als ich ſeyn? Da die Weyede ihres
112 854 778 905 Herzens die Marter Jeſu war, ſo
108 891 793 943 holte und krigte ſie aus allen Ver⸗
114 934 808 994 ſam̅lungen, Nahrung und Weyde und
113 980 799 1029 es that ihr wehe, wen̅ ſie eine Ver⸗
113 1020 812 1073 ſam̅lung auf dem Saal nicht perſönlich
106 1066 815 1118 beſuchen ſolte. Die Geſchwiſter waren
113 1103 812 1166 an ihre Gegenwart auf dem Saal auch
113 1153 797 1201 ſo gewöhnt, daß wen̅ ſie einmal
95 1191 808 1248 nicht da ſeyn konte, gleich die Vermu⸗
111 1234 822 1292 thung und Frage war: ob ſie krank
118 1285 832 1349 wäre? Dem Leibe nach war ſie ſchwächlich
