1000 1564
164 97 253 146 542.
213 168 885 225 Da ſie bis an ihr Ende, ſich gegen⸗
193 216 890 267 wartig war; ſo gab es auch den ganzen
186 252 891 306 Tag reale Unterredungen. Einmal ſagte
194 296 876 349 ſie zu ihrem Mann: Jch habe im̅er ge⸗
180 336 877 389 dacht, daß ich dich überleben werde;
188 375 858 434 das muß eine gute Urſach haben,
187 427 863 473 daß mich der Heiland grade izt
193 464 871 519 zu ſich nehmen will. Vielleicht ſieht
188 506 869 561 Er, daß es izt die beſte Zeit für
178 551 883 601 mich iſt; ich möchte Jhm wol nicht treu
190 599 872 650 geblieben ſeyn. Dabey kam ſie auf
164 640 880 694 die Treue Jeſu, die ſie Zeit lebens
180 685 900 737 und inſonderheit während ihres Wohnens
192 732 846 776 in Kleinwelcke erfahren, in Bewunderung
180 767 873 814 bis es die Thränen endigten. Einmal ſagte
196 809 868 867 ſie: der Heiland hat am Creuz geſchrien:
175 851 861 907 Mein Gott, mein Gott, warum haſt du
193 901 854 947 mich verlaßen? Ein ander mal: der
190 936 859 994 Heiland hat eine Dornen⸗Crone auf
186 985 885 1037 Seinem Haupte gehabt; ich werde auch ei⸗
186 1029 886 1082 nen Cranz kriegen, einen ſchönen Cranz;
188 1074 853 1124 ey wie werde ich mich freuen! Ein
192 1112 869 1164 andermal: wie gut iſts, wen̅ man
197 1147 873 1206 ſo arm zum Heiland geht, da kom̅t
182 1195 909 1239 eine Sündrin her, deine krancke Hannel,
193 1236 880 1292 zu ihrer Kranckenwärterin ſagte ſie:
192 1285 871 1349 Jch dencke, das wendiſche Gemeinlein
789 1317 864 1372 hat
