1000 1612
181 125 241 187 48.
207 181 914 249 Kinde. Sonſt feyerten auch heute die
205 232 927 307 led. Schweſtern ihr Chorfeſt, u. 2 Mädchen
200 293 847 348 wurden unter ſie aufgenomen.
201 325 918 403 D. 14tn erfuhren wir, daß 5 Europäiſche
203 383 918 454 Boote voll Schiffsvolk hier bey der Co-
205 438 935 502 lonie angekom̅en, u. zwar von einem
209 484 912 555 Engliſchen Wallfiſchfänger genannt
205 535 917 601 Succeſs. Dieſes Schiff war d. 12 Febr.
206 593 892 652 von London abgeſegelt u. war nach
198 636 914 703 Diſco beſtim̅t, gerieth aber bey einem
200 685 893 755 Nebel unter hieſige Jnſeln, blieb veſt
209 740 870 803 ſitzen, u. ging ſo dann zu Grunde.
198 787 925 854 Von 31 Mann waren 12 ertrunken, die
199 834 931 899 übrigen retteten ſich mit ihren nothwen⸗
200 888 905 950 digſten Sachen. Jn der Litaney am
205 942 893 1000 15tn gedachten wir bey den Worten:
198 989 923 1056 Die mit Schiffen auf dem Meer fahren,
201 1043 930 1098 erfahren deine Wunder – dieſer armen
206 1094 927 1148 Leute beſonders. D. 18ten u. 19ten waren
202 1141 894 1205 der Capitain, die zwey Steuerleute
198 1196 913 1253 u. das übrige Volk von dem verun⸗
205 1241 880 1302 glückten Schiff bey uns auf einen
206 1291 941 1366 freundſchaftlichen Beſuch. Wir bedauer⸗
817 1343 903 1396 ten
