1000 1612
741 128 790 180 49.
88 189 812 251 ten nur, daß wir nicht mit ihnen reden
88 235 773 297 konten. Ein Mohr oder Neger, den ſie
86 286 801 348 mithatten, war unſern Grönländern
91 334 785 397 beſonders merkwürdig, u. es kamen
90 384 805 449 einige von den auswärtigen Plätzen
91 439 810 503 expreſs hieher, um ihn zu ſehen. D. 20tn
91 486 800 547 wurden alle unſre Brüder aufgefor-
92 533 819 599 dert, die Sachen vom geſtrandeten Schiff
95 586 769 645 retten zu helfen, u. es blieb keiner
97 634 805 701 zu Hauſe. D. 24ten erfuhren wir, daß
98 688 799 745 unſer alter Helfer⸗Br. Benjamin in
95 736 818 799 Kangek ſehr krank ſey, u. d. 26tn brach⸗
95 795 810 846 ten ſie, ehe wir es vermutheten, ſeine
101 831 814 897 Leiche mit einem Boot, in Begleitung
97 887 761 949 von 6 Kajacken, hieher. Nachmittags
99 935 810 998 war das Begräbnis, welches beſonders
106 984 819 1049 zahlreich u. feyerlich war. Dieſer Heim⸗
99 1038 772 1097 gang ging uns ſehr nahe, da Brüder
100 1084 817 1140 von ſeiner Art unter uns nur ſelten
98 1135 832 1190 werden, u. er ſeiner Nation beſonders
100 1179 767 1238 treu gedient hat. Er kam als ein
100 1235 795 1299 Knabe mit ſeinen Eltern hieher zur
107 1281 839 1345 Gemeine, wurde im Febr. 1745 getauft,
103 1332 811 1397 u. gelangte im Merz 1749 zum heiℓ.
