1000 1611
720 125 794 181 175.
75 198 796 262 ſahe, daß er nicht zu bewegen war, mit
70 247 774 309 ihm nach Braunſchweig zurück zu gehen,
73 297 749 354 u. die Brüdergemeine zu verlaſſen;
76 340 770 402 ſo reiſte derſelbe, nachdem er ſich drey
77 391 786 451 Tage in Marienborn aufgehalten, zu⸗
78 442 760 503 rück nach Braunſchweig. Unſer l. Br.
75 488 749 555 v. Lüdecke aber wurde Tags darauf,
75 551 783 607 neml. am 4 Jan. 1744 in die Brüder⸗
78 598 797 657 Gemeine aufgenommen, u. dieſes war
78 648 780 712 u. blieb ihm ſo groß u. wichig, daß
81 698 812 763 er Lebenslang dieſen Tag ſeiner Aufnah⸗
81 758 792 818 me alljährlich mit dankbarem Herzen
85 815 790 878 feyerlich beging. Er kam darauf nach
85 874 750 924 Lindheim in das Seminarium, in
79 920 786 980 welchem damals eine hübſche Anzahl
79 974 796 1024 von erweckten Studioſis u. Candida⸗
83 1020 784 1082 ten war, mit dem man die Abſicht
85 1075 808 1133 hatte, daß ſie nicht allein in der rei⸗
85 1142 803 1192 nen Lehre, wie ſie aus \der h. Schrift in/ der Augsburgl.
80 1176 767 1243 Confesſion verfaßt iſt, ſondern auch
83 1223 754 1289 von der beſten Methode, ſie ans Herz
79 1281 803 1340 der Menſchen zu bringen, gründlichen
85 1325 758 1388 Unterricht haben möchten. Wobey
698 1375 799 1406 man
