1000 1612
733 132 798 190 41.
87 190 799 258 vergnügt wären, u. ſich ſehr auf die
88 246 822 314 Weihnachtstage freuten. D. 23tn kamen
85 299 809 363 in ihren Kajakken 6 Brüder von Kan⸗
88 354 785 411 gek, 3 von Kellingarſuk, u. 3 von
86 400 816 468 Karoſuk hieher. Mit Booten zu fahren
84 456 816 518 war unmöglich, daher auch keine Schwe⸗
87 508 785 565 ſtern herkom̅en konten, ſo gern ſie
86 557 790 622 auch wolten. Heute hatten wir das
89 612 804 674 h. Amhl, wozu 2 Brüder von den
84 666 810 728 auswärtigen u. einer von den hieſi⸗
90 720 806 783 gen readmittirt wurden. D. 24tn be⸗
90 771 791 835 gingen wir die Chriſtnacht auf die
94 827 794 885 gewöhnliche Weiſe. Viele Grönländer
98 872 807 935 von der Däniſchen Miſſion wohnten
94 928 821 985 derſelben auch bey, u. waren aufmerk⸗
98 984 813 1044 ſam u. andächtig. Jn unſrer Gemei⸗
93 1039 795 1093 ne war ein beſonderer Freudengeiſt
94 1086 805 1148 wahrzunehmen, der uns ſehr tröſtlich
96 1140 807 1197 war. D. 25tn feyerte das Ehechor ſein
102 1191 817 1253 Chorfeſt im Segen. D. 26tn kehrten un⸗
97 1249 822 1306 ſre Gäſte zu den ihrigen wieder zu⸗
95 1288 801 1369 rück, froh u. dankbar für alles hier
