1000 1611
781 148 806 187 3.
94 186 772 254 einem Kaufmann, in die Ehe, welche
100 238 765 301 Gott mit 9 Kindern segnete, wovon
94 285 830 357 noch 4 Söhne u. 2 Töchter am Leben ſind.
98 347 788 403 Als a. 1748 die ersten Brüder nach
93 390 819 460 Barby kamen, hatte ſie das Vergnügen,
98 450 830 515 dieſelben in ihrem Hause zu bewirthen;
100 496 794 566 u. das war die Gelegenheit, daß ſie
92 558 823 613 die Brüdergemeine kennen lernte, u.
94 604 839 667 ſie  herzlich leib gewann. D. 13.Nov. 1752
94 656 823 719 wurde ſie in die Gem. aufgenommen,
93 705 803 772 u. d. 19. April 1753 gelangte ſie mit
94 757 807 824 derſelben zum h. Amhl. Viele Jahre
91 810 768 875 lang hatten damals diejenigen, die
94 859 829 929 aus der Stadt Barby entweder Mietglie
89 912 823 982 der der Brüdergemeine wurden, oder
93 962 804 1037 ſich als eine Societät an dieſelbe an⸗
93 1015 822 1091 geschlossen, weil Haß, Vernichtung u. auch
91 1077 827 1138 wol Verfolgung zu leiden, wovon un⸗
94 1127 830 1196 ſer ſeh. Schwester nebst ihrem Manne auch
94 1184 786 1253 ihren Antheil erfuhr; ſie lieſſen ſich
88 1235 810 1306 aber dadurch nicht irre machen u. ſie
85 1288 806 1364 wurden als Kinder Gottes legitimirt.
656 1350 826 1402 d. 3 Jan.
