1000 1611
743 136 813 180 167.
108 204 794 260 zu Ebersdorf im Vogtland, welchen er
97 251 807 310 im J. 1743 that, lernte er die dortige
100 298 801 358 Gemeine kennen. Er ſtund damals in
95 344 817 415 der erſten Liebe, u. es lag ihm von Herzen
91 400 795 464 an, dem guten lieben Hld, der ihn zu
96 444 799 519 Gnaden angenom̅en hatte, zur Ehre u.
90 494 786 561 Freude zu werden. Da kam er dann
92 548 766 615 in eine ſorgfältige Ueberlegung, ob
91 604 786 670 er ſich zu Bedienung der Geſchäfte, die
102 649 820 720 Ehre u. Vortheile in der Welt bringen,
94 697 803 769 zubereiten laſſen ſolte; oder ob es der
98 753 837 825 Wille des Heilands mit ihm ſey, davon
93 803 811 876 abzuſehen, u. einen Weg zu erwehlen,
91 852 811 931 der weniger Gefahr hätte, u. ihm nütz-
88 907 758 980 licher wäre für ſein Herz. Kurz, es
86 962 790 1035 entſtund bey ihm der Gedanke: Soll ich
85 1014 816 1089 nicht zur Brüdergemeine gehen, u. bey
92 1073 821 1136 ihr meine Zeit zubringen? und der Ge-
85 1111 798 1192 danke ſezte ſich tief bey ihm. Er unter⸗
85 1170 778 1238 redete ſich darüber mit einem ſeiner
86 1223 803 1291 liebſten Freunde; der aber wolte gar
79 1278 777 1342 nichts davon hören, u. widerrieth es
85 1328 803 1394 ihm aufs äuſſerſte. Auch andre Männer,
