1000 1612
747 121 817 159 171.
100 183 811 240 nen, wider ſeinen Willen die Brüder-
110 233 819 291 Gemeine zu verlaſſen. Der Vormund
99 285 810 347 machte ſich daher ſelbſt an den He. von
103 337 819 403 Lüdecke, u. ſtellte ihm mit großem Ernſt
98 392 813 457 vor, wie er ſich durch die Gemeinſchaft
100 442 752 497 mit den Brüdern - denen er einen
103 493 810 555 ſchmählichen Charakter gab - um ſein
103 546 803 601 Glück in der Welt bringen würde,
98 595 820 658 u. wie er ſich würde müſſen gefallen
100 649 810 713 laſſen, alles das Seinige darüber zu
99 703 804 755 verlieren; denn wenn er bey dieſen
101 750 780 804 verhaßten Leuten bliebe, würde er
103 795 808 861 ſich den Weg zu einiger Beförderung
103 858 796 910 verhauen, u. man würde ihm von
104 905 796 968 dem Seinigen nichts mehr zukom̅en
100 952 790 1026 laſſen. Was dieſes bey unſerm ſel.
101 1017 779 1080 Bruder für einen Erfolg gehabt, iſt
102 1059 817 1127 aus dem Berichte ſeines He. Vormunds
102 1105 767 1177 an die Hochfürſtl. Kanzley, davon
103 1158 807 1225 das eigenhändige Concept ihm in die
110 1209 797 1280 Hände gekom̅en, zu erſehen. Es heißt
101 1265 784 1327 darinn: "Er (neml. der junge He. v.
103 1305 798 1380 Lüdecke) welchen ich wider Vermuthen
