1000 1611
184 125 251 179 174.
200 194 879 255 bey ihm nicht in Conſideration, ob er
198 247 920 304 ſein vermeintes Glück dadurch verſcherz-
198 290 912 355 te, indem er überzeugt ſey, daß ſein
194 340 912 400 wahres Glück allein in ſeiner Seelen⸗
193 389 904 453 Ruhe u. Seligkeit beſtehe; hingegen es
189 442 920 501 ein Unglück für ihn ſey, wenn er wie⸗
191 490 917 552 der ſolte in die Welt geflochten werden.
194 541 916 603 Verſagte ich ihm die zu ſeiner Unter-
195 595 917 655 haltung nöthigen alimenta, ſo würde
198 645 918 706 ihn zwar ſolches, wegen ſeiner Mitbrü⸗
192 696 897 755 der, denen er das versprochene Koſt⸗
194 745 870 807 geld ſchuldig wäre, ſehr betrüben,
191 802 905 860 aber bey weitem nicht bewegen kön̅en
190 852 871 909 die Gemeine zu verlaſſen, ſondern
185 902 917 956 allein necesſitiren, ſich unter die armen
186 947 897 1006 Brüder zu begeben, welches er, da es
183 1003 914 1065 aus Liebe zu Chriſto geſchehe, mit Freu-
185 1048 913 1109 den thun würde. Da er alſo aus über⸗
191 1095 912 1165 zeugendem Triebe Gottes ſich hieher bege-
185 1152 905 1211 ben, ſo würde ich ihm nicht verdenken,
188 1201 914 1256 wenn er mir darinn nicht folgte, weil
185 1241 921 1309 man Gott mehr als den Menſchen gehor-
188 1288 913 1360 chen müßte." Weil nun ſein Vormund
812 1350 895 1404 sahe,
