1000 1610
711 134 754 195 .
76 203 737 265 die übrigen Geſchwr fanden ſich
73 246 797 309 uns ſo zahlreich ein, daß wir am 24ten
78 296 783 360 das Liebesmahl in zwey Abtheilungen
73 343 786 405 halten muſten. Der Heiland war fühl⸗
78 393 746 453 bar in unſrer Mitte, u. man ſahe
78 448 776 508 bey einigen milde Thränen flüßen.
85 499 778 556 D. 25tn kam eine Witwe, die vorigen
81 542 790 608 Som̅er ſich hatle verleiten laſſen ein
77 601 771 665 heidniſches Spiel mit zu machen, u.
77 655 779 719 deswegen ausgeſchloſſen worden, u.
85 709 790 771 ſagte: ich fühle mich wie ein verlor-
76 763 804 828 nes Schaf, das in der Jrre geht, u. habe
78 818 807 876 den Hld gebeten, mir alles zu verge-
83 872 811 927 ben u. nur wieder zu erlauben Sein
84 918 809 982 Fleiſch u. Blut im h. Anhl zu gemies⸗
83 967 803 1035 ſen. Es wurde herzlich mit ihr geredet.
114 1040 805 1087 Jn dieſen Tagen wurden Die Com̅u⸗
80 1081 785 1143 nicanten geſprochen, u. d. 27ten hatten
83 1134 800 1189 wir das h. Amhl. D. 28ten wurden die
96 1180 769 1240 Jeſchwiſter in Kangek, u. auch an
89 1233 803 1294 den andern Orten, öffentlich vor ei.
84 1286 818 1344 nemn gewiſſen Verführer gewarnt, der
93 1335 783 1397 oft in hieſige Gegend komt, u. ſchon
