1000 1611
764 112 781 173 9.
102 178 781 241 ich einmal am Gründonnerſtag bey
97 227 784 289 Gelegenheit einer kleinen Vorſtellung
92 279 820 340 des Seelenleidens Jeſu am Oelberg, un⸗
94 326 796 394 ter dem Geſang des Verſes: Für mich
100 384 791 444 ging mein Herr in Todesnöthen p ſo
101 437 812 494 bewegt, daß ich mich unter vielen Thrä-
98 488 791 547 nen Ihm für ſeine Seelenschmerzen u.                   eine
99 537 805 599 Marter bis in Tod, zum ewigen Ei-
99 590 823 650 genthum hingab; und ſeitdem iſt mir
101 641 813 707 dieser Theil der Paſſion immer beſon⸗
102 696 796 763 ders eindrücklich geblieben. Jch hatte
99 749 825 823 auch hernach manchmal recht ſelige Stun⸗
99 803 824 870 den mit dem Kinderfreund.〚M〛Zuweilen
104 855 823 920 dachte ich (aus Veranlaſſung, daß ich da-
101 909 812 971 von reden hörte) mit Verlegenheit dar⸗
102 958 800 1025 über, daß ich wol, wenn ich älter ſeyn
103 1015 788 1076 würde, vom l. Hld wieder abkom̅en
107 1064 819 1129 könte; wenn ich Ihm aber dieſen mei-
102 1117 824 1183 nen Kum̅er kindlich klagte, ſo bekam ich
104 1166 806 1235 oft die tröſtliche Verſicherung, daß mich
97 1218 802 1286 nichts aus Seiner Hand reiſſen ſolte.
119 1275 825 1348 Ao 1775 wurde ich unter die größern
