1000 1611
748 126 819 187 37.
109 189 826 247 fahren war, hieher, u. brachte einen ei⸗
103 233 840 294 genhändig geſchriebenen Brief mit, worin
101 288 842 340 er um Vergebung ſeiner Verſündigun⸗
105 334 786 387 gen u. um Wiederannahme in die
109 383 788 435 Gemeine bittet. D. 6 Oct. kamen
105 427 825 494 Geſchw. Möhnes von Lichtenfels hier an,
101 482 786 547 um ihrem Rufe zufolge künftigen
101 534 814 601 Winter bey unſern auswärtigen Ge⸗
103 585 785 651 ſchwiſtern zu wohnen. D. 18tn hörten
100 639 820 705 wir zu unſerm Schmerz, daß der led.
102 699 811 756 Br. Augustus bey Kangek in ſeinem
100 751 802 810 Kajak verunglückt ſey. Er war ein
127 802 830 863 hofnungsvoller junger Menſch, ſowol
102 854 790 918 in Abſicht auf das äuſſere als das
104 905 818 974 innere. D. 23tn fuhren Geſchw. Möhnes
102 955 820 1027 mit ihren zwey Kindern auf ihren Po⸗
101 1005 809 1085 ſten ab. Zu Anfang Nov. beſuchte
109 1056 843 1133 Br. Fliegel unsre auswärts wohnenden
110 1108 843 1186 Geſchw. in Kellingarſuk u. Karoſuk.
104 1162 794 1227 An erſterm Orte war er beſonders
102 1213 842 1288 erfreut über der Geſchwiſter ihre Liebe
106 1272 822 1330 zu ihm u. unter einander, wie auch
106 1312 811 1394 über ihr ordentliches Betragen. Jn
