1000 1611
166 129 247 196 166.
189 204 913 265 von ſeinen Eltern mit nach Braunſchweig
192 253 897 310 gebracht. Seine He. Vater Hans Adolph v.
192 301 888 363 Lüdecke war Hof⸗ u. Coſiſtorial⸗Rath
194 357 863 412 im Schwarzburgiſchen u. ſeine Frau
201 404 901 462 Mutter Sophia Eleonora eine geborne
206 455 897 515 v. Rauſchenblatt. Als er noch nicht 5
206 503 869 562 Jahr alt war, ging ſein HErr Vater
205 555 892 611 aus der Zeit, u. ſeine Frau Mutter,
202 602 880 661 welche ein paar Jahre darauf wieder
206 650 911 715 heirathete, ſorgte nebſt ſeinem Vormun⸗
205 701 901 771 de für ſeine Erziehung durch Privat⸗
207 764 908 818 Informatores. Jm J. 1741 kam er nach
205 811 911 871 Halle ins Paedagogium, wurde im Jahr
205 866 923 920 darauf erweckt, u. trat ſeine akademi⸗
205 909 883 969 ſchen Studia an. Die Bekanntſchaft
198 959 892 1015 mit einigen Brüdern, die damals in
205 1007 901 1065 Halle waren, ließ ihm der Herr unſer
207 1055 895 1107 Hld, nach ſeiner über ihm waltenden
205 1105 900 1161 Gnade, zu großem Segen ſeyn. Unter
204 1150 883 1209 dieſen war inſonderheit der sel. Br.
209 1198 922 1260 Chriſtian Rauch, der ihm in manchen
200 1250 928 1312 Verlegenheiten mit Evangeliſchem Rath
205 1302 923 1372 u. Zuſpruch diente. Bey einem Beſuch
860 1361 916 1411 zu
