1000 1611
738 119 821 179 185.
130 171 797 230 Das übrige von ſeinem im Dienſte
85 220 769 283 des Hldes zugebrachte Leben noch mit
75 272 801 332 wenigem zu berühren, ſo wohnte er ſo-
85 322 749 378 wol dem Marienbornſchen als dem
86 360 803 433 Barbyſchen Synodo der Brr. Unität bey.
90 422 777 481 jenes geſchahe in den Jahren 1764 u.
89 464 767 533 69. und dieſes a. 1775. Jm leztern
85 513 786 581 bekam er den Auftrag, das Gemein⸗
88 567 792 636 helferamt in Herrnhut mit unſerm
90 619 752 686 l. Br. Kohler zu übernehmen. Das
83 675 796 740 that er durch Gottes Gnade, u. a. 1777
82 723 793 791 bekam er das Provinzial⸗Helfer⸗Amt
85 775 807 843 der Oberlauſiziſchen Gemeinen noch da-
83 814 814 908 zu. Auf dem a. 1782 in Berthelsdorf
86 871 794 949 gehaltenen Synodo der Unität wurde
84 932 787 998 er ein Mitglied der Unitäts⸗Aelte⸗
83 982 792 1051 ſtenconferenz, u. zwar ein Aufſeher-
83 1029 769 1108 Departement, u. wurde auch hernach
83 1087 814 1158 zu dem Conſenioratu civili eingeſeg-
80 1135 798 1206 net; und in dieſem Beruf hat er ſei-
76 1190 568 1254 nen Lauf selig vollendet.
84 1239 798 1309 Von der über ihm waltendem Gnade
80 1293 796 1368 hat er in ſeinem Leben manche ſon⸗
