1000 1611
711 122 780 193 191.
244 186 461 246 II.               B.
111 256 755 336 Beylage zur 8ten Woche 1788
327 353 501 426 Jnhalt:
112 417 743 502 I. Lebensläufe: 1.) der led. Schw.
143 486 741 553 Soph. Tugendr. Kurſchken - 2.) Der
144 536 781 605 Witwe Suſ. Kolbinin - 3.) des led.
132 586 788 668 Br. Joh. Wagenknecht - 4.) der verheir.
138 649 773 716 Schw. Dor. Doberin - 5.) des verheir.
138 699 762 772 Br. Joh. Pet. Hamel - 6.) der verheir.
145 751 777 822 Schw. An. Marg. Hegner - 7.) der led.
140 804 765 872 Schw. Eleon. Cath. Soph. v. Gersdorf
140 860 751 935 8.) des Knaben Joh. Hünerwadel.
72 926 651 998 II. Von unſern auswärtigen
263 990 760 1061 Geſchwiſtern u. Freunden.
101 1044 761 1126 1.) Aus dem Bericht des Br. J. Heinr.
123 1098 768 1196 Ernst von ſ. Beſuchen im Bergiſchen pp
132 1157 640 1222 in den Jahren 1786 u. 87.
121 1203 775 1295 2.) Aus den Berichten des Br. Herold
122 1255 780 1331 von der Societät in Potsdam, vom
137 1306 664 1377 Merz 1786 bis Dec. 1787.
722 1363 759 1428 3.)
