1000 1611
736 128 810 198 165.
127 401 820 485 Lebenslauf des am 14tn Febr. 1788 in Herrn⸗
137 460 811 534 hut ſelig entſchlafenen Bruders Günther
247 519 709 586 Urban Anton v. Lüdecke.
112 569 816 650 Hätte unſer l. Br. v. Lüdecke wie er ſichs
107 634 821 690 vorgenom̅en hatte, ſeine Personalia ſelbſt
111 678 818 748 zu Papier gebracht, ſo würden wir viel merk⸗
92 718 824 790 würdiges darin finden. Denn er hat in den
94 764 819 843 etlich u. vierzig Jahren, die er in der Brüder⸗
102 819 818 888 Gemeine zugebracht, nicht nur viel gutes
102 867 775 936 für ſein Herz genoßen, ſondern auch im
103 919 811 992 Dienſte derſelben, in manchen Aemtern,
101 967 808 1038 die ihm anvertraut worden, vieles er⸗
102 1018 805 1084 fahren, wofür er dem Herrn unsrem
101 1067 817 1134 Heilande herzlich zu danken pflegte. Wir
102 1125 803 1184 wollen aber doch nicht unterlaßen, von
97 1170 805 1230 ſeinem leben ein u. das andere anzumer⸗
99 1211 812 1285 ken. Er war d. 31tn Dec. 1723 zu Sondershau⸗
87 1264 815 1341 ſen im Schwarzburgiſchen geboren, u. wurde
97 1313 803 1394 als ein Kind von etwa einem viertel Jahr
741 1394 790 1432 von
349 190 487 259 II. A.
119 244 780 347 Beylage zur 8.ten Woche 1788.
