1000 1611
198 132 264 189 44.
219 191 943 247 von hier; u. ſind alſo den Winter über
220 240 922 301 ganz von uns abgeſchnitten, u. im
222 284 941 346 Som̅er bekom̅t man ſie auch wenig zu
217 331 941 403 ſehen. Sonſt iſt noch anzuführen, daß
216 392 936 449 gedachte 287 Seelen aus 113 Communi⸗
215 440 943 504 canten, 163 Getauften u. 11 Ungetauf⸗
215 492 461 562 ten bestehen.
481 502 643 574 1787.
218 581 923 644 Den 1 Jan. feyerten die led. Brüder
216 630 918 698 ihr Chorfeſt. Nach allen Verſamlungen
214 687 945 748 gingen die Geſchwiſter mit Muſik u. Ge⸗
213 740 942 801 ſang im Orte herum. D. 6ten konten wir
210 788 899 850 wegen des ungeſtümen Wetters das
212 840 913 904 Heidenfeſt nicht feyern, holten es aber
208 895 928 954 am 7ten nach. Die Geſchwr hörten ein Dia⸗
208 948 906 1001 rium von Antigoa verleſen, u. zum
212 986 904 1056 Schluß des Tages wurde ein lediger
213 1042 939 1108 Menſch unter die Taufkandidaten auf⸗
213 1094 942 1159 genom̅en. Einen ähnlichen Feſttag hat⸗
208 1147 949 1206 ten wir am 19ten, als an dem Gedenktage
207 1193 899 1251 der Abreiſe der erſten Brüder von
214 1244 949 1308 Herrnhut nach Grönland. Leztere mach⸗
212 1301 949 1368 te uns unſer l. Herr zu einem beſonders
860 1361 936 1396 be⸗
