1000 1610
188 114 256 158 22.
228 180 924 251 iſt ihm aufs lieblichſte gewährt worden.
231 233 919 296 Er legte ſich am 25 April 1787 mit
227 281 894 345 dem Wunſche ſchlafen, daß er nach
225 336 895 396 einigen ſchlafloſen Nächten wieder
223 382 930 442 einmal eine ruhige Nacht haben möch⸗
222 437 915 496 te. Denen, die in einem Hauſe mit
221 480 907 547 ihm wohnten, war es merkwürdig,
222 536 932 599 daß er noch zu ſeinem lezten Abend⸗
222 595 917 649 ſegen viel u. vernehmlich ſang, u.
219 640 886 701 mit dieſem Herzensſeufzer ſchloß
219 687 862 756 "O daß ich bis in mein Grab Jeſu
217 744 923 806 \Lei-/den wie Er ſich für mich begab aller
216 796 911 853 Freuden, u. ins Sterben ging, daß
220 842 922 912 ich leben möchte, fruchtbarlich bedächte."
226 896 880 954 Früh Morgens, da man nach Jhm
225 951 923 1010 ſahe, fand man, daß ſeine Seele in
221 1005 920 1066 ihre ewige Ruhe heimgeflogen war,
218 1053 922 1108 und ſein entſeelter Körper hatte das
217 1104 914 1165 Bild eines ſanft u. ruhig ſchlafen⸗
216 1154 923 1211 den ſo naturell, daß man ſich kaum
213 1205 871 1260 überreden konte, er ſey wirklich
212 1252 910 1324 todt, bis es die überhandnehmende
687 1317 897 1385 Verweſung
