1000 1611
222 112 285 172 32.
233 174 938 244 im Dienste derſelben mit unermüdeter
237 220 886 287 Liebe ihre Kräfte dran gewagt hat;
238 270 934 338 überhaupt beſorgte ſie alles was ihr
234 321 931 375 aufgetragen war, mit gröſter Treue
234 363 948 430 u. Pünktlichkeit. Seit ihrer Zurückkunft
230 409 912 474 aus Liefland diente ſie verschiedene
241 456 938 520 Jahre der Gemeine als Saal⸗ u. Frem⸗
231 510 939 565 den Dienerin, u. ihrem Chor als Ge⸗
236 552 945 614 sellschatshalterin u. Besucherin mit
229 605 939 664 wahrem Vergnügen. Schon vor etli⸗
232 654 946 713 chen Jahren behielt ſie von einer Krank⸗
236 702 937 760 heit etwas auszehrendes zurück, und
236 751 947 813 ihre Gedanken waren dabey bald auf
230 800 946 867 eine ſelige Vollendung gerichtet. Da
228 850 925 918 es ſich aber damit in die Länge ver-
234 903 941 971 zog, ſo war ihr die Wartezeit bey zu⸗
223 953 943 1014 nehmenden Beschwerden der Hütte, frei⸗
228 1002 932 1058 lich eine eigne Schule; doch wußte ſie
226 1056 919 1111 ſich ſo nahe u. gläubig an ihren Er⸗
226 1110 935 1159 barmer zu halten, daß man ſie mei⸗
227 1160 919 1210 ſtens vergnügt u. aufgeräumten Ge-
222 1193 923 1263 müths ſahe. Von ihrer ſünderhaften
227 1244 937 1310 Herzensſtellung findet ſich ein lieblicher
221 1287 924 1363 Beweis in einer ihr ſelbſt auf⸗
752 1346 930 1403 geſchriebenen
