1000 1611
741 132 796 175 193
102 191 785 258 meine ein gutes treues Kind zu ſeyn.
98 238 798 301 Darauf muſte ich ihm die Hand geben, u.
99 287 772 345 das machte einen tiefen Eindruck auf
99 337 820 395 mich. Jch kam nun zu den Kindern ins
98 382 813 442 Wayſenhaus: es war kurz vor Oſtern,
94 431 819 487 welches mir darum anmerklich geblieben
97 480 812 537 iſt, weil wir am großen Sabbath einen
94 523 806 593 beſondern Gnadenbeſuch vom Hld hatten.
95 573 798 643 Wir wurden alle von Jhm ſo angefaßt,
98 622 764 689 daß wir miteinander auf die Knie
97 670 801 734 fielen, u. wol eine Stunde lang weinten,
96 724 808 772 u. beteten, u. uns verbanden, uns dem
126 768 770 833 Hld ganz aufzuopfern. Dieſer Bund
100 814 803 884 iſt mir Zeitlebens eindrücklich geblieben,
94 867 796 937 u. der h. Geiſt hat mich in der Folge
102 915 788 971 oft daran erinnert. Jn meinem 13ten
92 947 788 1029 Jahre hörte ich den ſeℓ. Br. Mart. Dober
98 1010 807 1081 über die Worte reden: "So ihr nicht eſſen
95 1052 787 1121 werdet das Fleiſch des Menſchenſohnes,
92 1104 785 1176 u. trinken ſein Blut, ſo habt ihr kein
95 1160 756 1224 Leben in euch." Das drang mir tief
98 1196 786 1282 ins Herz, u. es war mir, als ob jemand
94 1255 748 1323 zu mir ſagte: Du biſt noch todt, u.
96 1306 762 1383 muſt ganz anders werden - welches
699 1377 786 1417 mir
