1000 1611
731 118 794 179 13.
86 189 771 257 stehet die Gerechtigkeit, diese heißt der
88 239 794 304 Glaube seine: dann erfülllt uns Fried
87 292 806 357 u. Freud, u. wir haben sol ge Stunden;
87 347 778 412 Seel u. Leib u. Geist erfährt solchen
90 394 793 461 Trost aus Jesu Wunden, welche un⸗
85 441 811 520 aufhörlich währt"- wurde mir diese Sache
88 499 796 574 so klar, daß ich einen lebendigen Blick
85 551 800 626 in die Versöhnung Jesu thun, u. mir
86 608 790 680 Seine Gerechtigkeit auf die tröstlichste
88 673 817 734 Weise zueignen konte. Es wurden mir
85 720 819 797 in der Folge noch manche Eigenheiten
92 785 768 844 u. schlechte Ecken gezeigt; wenn ich
91 835 824 895 aber meine Zuflucht zu meinem treu-
89 887 816 954 en Seelenfreund [eingefügt: nahm], so erfuhr ich, daß hei⸗
91 945 791 1009 len, stillen u. trösten Seine Lust ist.
92 999 756 1059 Aber doch hatte ich an der Lection:
96 1057 788 1117 "von purer Gnade u. Erbarmen zu
89 1108 809 1171 leben von einem Tage zum anderen",
92 1167 774 1221 noch immer zu lernen, u. daran
92 1207 797 1276 werde ich wol zu lernen haben bis
102 1267 841 1332 zum Erblaßen in Jesu Arm u. Schoos".
130 1316 656 1389 So weit aus ihrer Nachricht.
757 1331 812 1395 Zu
