1000 1611
762 107 819 151 15.
94 174 835 250 Marterwoche ließ \ſie/ ſich die Leidensgeſchichte
95 231 818 298 Jeſu vorleſen, u. mit Geſang unterhal-
87 285 820 350 ten, zu ihrem beſondern Troſt u. Erquik⸗
92 333 815 410 kung. Jhre Schmerzen u. viele ſchlaflo-
95 396 820 474 ſen Nächte ertrug ſie mit ungemeiner
101 447 830 526 Geduld, u. war dabey licht u. vergnügt.
102 504 757 579 Um die Mitte des Aprils gab ſie
101 555 816 632 zu verſtehen, daß ſie wol von dieſer
103 672 812 731 und ihr Herz u. Sinn war nun ganz
100 716 816 783 auf ihr bevorſtehendes Glück gerichtet,
99 772 837 839 u. ſie ſeufzete oft zum l. Hld: Kom̅
104 828 798 893 bald! Zulezt hatte ſie noch viel
101 886 831 950 auszuſtehen, beſonders an ihrem Heim⸗
103 937 832 999 gangstage (d. 24 April 1787) aber
94 987 804 1054 mitten unter dieſem Leiden fing
109 1050 829 1105 ſie einmal recht lieblich an zu ſin-
107 1099 792 1161 gen: Nichts iſt an mir, nichts als
109 1152 811 1220 armes p Zu Mittag ſagte ſie noch
108 1201 821 1262 ganz vernehmlich: Ach der gute Hei⸗
107 1257 829 1314 land, nur noch eine Stunde! u. ſahe
106 1312 789 1378 dabey ſehr vergnügt aus. Dieſer
91 613 819 683 Krankheit nicht mehr geneſen würde;
