1000 1610
194 118 263 177 182.
215 179 938 244 ſern Br. v. Lüdecke ſehr lieb. Durch ſei-
207 231 932 292 ne Vermittelung war es auch geſchehen,
211 281 936 346 daß er a. 1751 die Schw. Juſtine Eleon.
211 334 939 399 v. Schweiniz, welche er wie ſeine eigene
220 388 939 450 Tochter liebte, zur Ehe bekam. Mit die⸗
211 438 929 500 ſer lebte er die kurze Zeit, als er ſie
211 492 918 554 hatte, ſehr vergnügt. Sie wurde mit
210 546 934 611 Leibesfrucht geſegnet, ging aber über
208 601 943 661 der Geburt derſelben heim. Er verbrach⸗
207 653 940 716 te die Zeit ſeines Witwerſtandes gröſten
208 704 909 769 theils in Herrnhut als Gemeinrichter
207 762 916 817 u. Witwer⸗Chorarbeiter, u. war ein
210 799 804 870 Mitglied der Aelteſtenconferenz.
206 859 934 920 Als der ſel. Ordinarius im J. 1755 in
214 904 922 970 Taubenheim in der Oberlauſiz mit
205 955 937 1023 verſchiedenen Brüdern über dem Beſte⸗
210 1016 936 1070 hen der Brr. Unität u. der ihnen an⸗
212 1060 924 1128 vertrauten Geſchäfte in Abſicht auf
212 1117 934 1176 das Aeuſſere eine Conferenz hielt, war
208 1165 928 1226 unſer l. Br. v. Lüdecke auch ein Mit⸗
220 1218 900 1280 glied derſelben; und als hierauf ein
220 1271 894 1336 Adminiſtrations-Collegium errichtet
800 1313 932 1372 wurde
