1000 1610
176 103 247 161 180.
217 172 928 246 in dem Gothaiſchen. Seine Abſicht dabey
203 223 922 286 war, dem ſich da ſam̅lenden Gemeinlein
216 271 925 335 zu dienen, u. ſein Wachsthum u. Beſte⸗
213 314 908 382 hen zu befördern; und der Segen der
210 363 916 436 Brr. Unität begleitete u. unterſtüzte
210 420 888 489 ihn dazu. Er vocirte auch in dieſem
202 462 914 543 Jahr unſern l. Br. Frühauff zum Pre⸗
195 520 883 598 diger, welcher auch nach gewöhnlichem
194 577 927 644 Examine ordinirt u. inſtallirt wurde.
198 625 920 694 Er wurde auch Vorſteher der Gemeine in
195 675 923 742 Neudietendorf, u. nahm sich \nicht/ nur des in̅⸗
193 720 925 800 u. äuſſerlichen Wachsthums derſelben an,
196 778 915 841 ſondern vertrat ſie auch, wenn es nö–
187 822 915 897 thig war, bey dem Herzog in Gotha u.
190 877 887 950 ſeiner Regierung. Das herzogl. Haus
189 930 923 1003 u. viele Herren aus den Collegiis beſuch–
181 973 919 1053 ten auch mehrmalen dieſes Ortchen mit
187 1025 921 1108 Wohlgefallen. Es erfolgte aber erſt am
177 1078 921 1159 14 Merz 1764 die Landesfürſtl. Verſiche–
177 1137 912 1204 rung, daß, nach vorgängiger gründli⸗
175 1180 920 1257 cher Unterſuchung der dortigen Brüder⸗
174 1236 884 1308 Verfaßung, der zur unveränderten
181 1283 923 1362 Augsburgl. Confesſion ſich bekennenden
711 1344 915 1410 Evangliſchen
