<?xml version="1.0" encoding="utf-8"?>
<pc:PcGts xmlns:pc="http://schema.primaresearch.org/PAGE/gts/pagecontent/2019-07-15" xmlns:xsi="http://www.w3.org/2001/XMLSchema-instance" xsi:schemaLocation="http://schema.primaresearch.org/PAGE/gts/pagecontent/2019-07-15 http://schema.primaresearch.org/PAGE/gts/pagecontent/2019-07-15/pagecontent.xsd" pcGtsId="GT-OCR-GN_1788_5__GN.A.250__180_132a3">
  <pc:Metadata externalRef="https://images.iiif.slub-dresden.de/iiif/2/data%2Fkitodo%2FNachaudeB_1789537789_1788_5%2FNachaudeB_1789537789_1788_5_tif%2Fjpegs%2F00000181.tif.medium.jpg/full/full/0/default.jpg">
    <pc:Creator>escriptorium</pc:Creator>
    <pc:Created>2024-01-26T15:02:55.292589Z</pc:Created>
    <pc:LastChange>2024-01-26T15:02:55.292601Z</pc:LastChange>
    <pc:MetadataItem type="processingStep" name="recognition/post-correction" value="ocrd-cor-asv-ann-join">
      <pc:Labels externalModel="ocrd-tool" externalId="parameters">
        <pc:Label value="False" type="add-filegrp-comments"/>
      </pc:Labels>
      <pc:Labels externalModel="ocrd-tool" externalId="version">
        <pc:Label value="0.1.14" type="ocrd-cor-asv-ann-join"/>
        <pc:Label value="2.60.2.dev0+gac1f15b3.d20240125" type="ocrd/core"/>
      </pc:Labels>
    </pc:MetadataItem>
  </pc:Metadata>
  <pc:Page imageFilename="180_132a3_default.jpg" imageWidth="1000" imageHeight="1611">
    <pc:TextRegion id="eSc_textblock_60a3ad60" custom="structure {type:text;}">
      <pc:Coords points="799,128 799,160 781,178 799,189 803,221 810,715 820,769 806,858 824,973 828,1366 757,1373 717,1345 93,1341 78,1205 60,353 71,200 186,186 692,186 735,174 717,156 728,125 777,118"/>
      <pc:TextLine id="eSc_line_10a54239" custom="structure {type:default;}">
        <pc:Coords points="791,125 786,122 767,118 763,119 754,120 746,121 737,123 735,123 728,125 729,153 729,181 794,172 794,151 792,125 791,125"/>
        <pc:Baseline points="729,153 794,151"/>
        <pc:TextEquiv index="0">
          <pc:Unicode>177.</pc:Unicode>
        </pc:TextEquiv>
        <pc:TextEquiv conf="0.9999" index="1">
          <pc:Unicode>177.</pc:Unicode>
        </pc:TextEquiv>
      </pc:TextLine>
      <pc:TextLine id="eSc_line_aabb07b7" custom="structure {type:default;}">
        <pc:Coords points="601,186 592,186 583,186 574,186 565,186 556,186 547,186 538,186 529,186 521,186 512,186 503,186 501,186 496,188 487,186 485,186 476,186 473,186 466,190 452,199 420,199 406,191 394,186 387,186 378,192 367,199 267,199 251,194 227,186 226,186 225,186 216,186 207,186 198,186 189,186 188,186 171,196 169,196 167,196 153,189 145,190 136,191 127,193 118,194 109,195 100,196 99,196 98,196 94,199 83,197 82,198 74,198 74,221 74,236 164,236 189,247 190,247 191,247 239,247 239,247 295,234 297,234 298,234 316,246 317,246 318,246 319,247 414,247 414,246 415,246 416,246 428,237 453,239 454,239 499,234 514,245 515,245 516,245 517,245 518,245 546,234 559,238 560,238 561,238 562,238 575,233 595,241 596,241 597,241 598,241 621,235 633,245 634,245 635,245 636,246 652,246 652,245 653,245 654,245 674,233 689,238 690,238 691,238 777,231 777,223 776,186 723,181 722,181 721,181 706,187 675,197 658,192 657,192 656,192 631,197 613,188 607,186 601,186"/>
        <pc:Baseline points="74,221 166,227 777,223"/>
        <pc:TextEquiv index="0">
          <pc:Unicode>als in Hhaag geſegnete Zeiten gehabt</pc:Unicode>
        </pc:TextEquiv>
        <pc:TextEquiv conf="0.9961" index="1">
          <pc:Unicode>als in Hhaag geſegnete Zeiten gehabt</pc:Unicode>
        </pc:TextEquiv>
      </pc:TextLine>
      <pc:TextLine id="eSc_line_c0487dfc" custom="structure {type:default;}">
        <pc:Coords points="789,268 786,230 697,231 696,231 695,231 667,249 651,249 627,231 626,231 625,231 609,231 605,231 604,231 603,231 575,232 574,232 573,232 547,249 479,246 478,246 419,251 349,251 316,236 315,236 314,236 313,236 282,250 217,243 216,243 215,243 198,250 153,234 152,234 77,234 77,272 78,289 100,281 128,287 128,287 196,281 217,288 231,291 232,291 233,291 324,290 325,290 337,285 344,282 356,285 378,289 379,289 380,289 381,289 388,284 390,283 393,284 409,290 410,290 410,290 411,290 423,286 487,289 488,289 489,289 512,282 521,280 547,281 591,285 592,285 593,285 608,281 615,279 622,281 640,284 641,284 641,284 642,284 649,280 652,279 723,279 741,288 742,288 743,288 789,277 789,268"/>
        <pc:Baseline points="77,272 280,275 483,270 789,268"/>
        <pc:TextEquiv index="0">
          <pc:Unicode>habe. Nachdem er gegen das Ende des</pc:Unicode>
        </pc:TextEquiv>
        <pc:TextEquiv conf="0.9831" index="1">
          <pc:Unicode>habe. Nachdem er gegen das Ende des</pc:Unicode>
        </pc:TextEquiv>
      </pc:TextLine>
      <pc:TextLine id="eSc_line_58c3b9f3" custom="structure {type:default;}">
        <pc:Coords points="76,321 76,340 121,340 122,340 123,340 136,331 161,331 201,340 202,340 274,334 316,340 317,340 351,333 394,340 395,340 460,330 521,336 522,336 523,336 542,330 604,330 614,336 615,336 615,336 616,336 617,336 630,332 647,335 648,335 649,335 662,330 679,334 680,334 681,334 727,330 786,339 788,319 787,298 735,279 734,279 619,279 618,279 617,279 602,286 587,280 586,280 585,280 584,280 583,280 560,295 555,298 492,298 484,293 478,290 477,290 476,290 475,290 470,293 465,295 460,293 424,281 423,281 422,281 421,281 420,281 409,290 401,292 370,298 222,298 205,289 184,280 183,280 94,280 93,280 92,280 75,285 76,321"/>
        <pc:Baseline points="76,321 788,319"/>
        <pc:TextEquiv index="0">
          <pc:Unicode>Jahres 1748 zum Diakonus der Brüder⸗</pc:Unicode>
        </pc:TextEquiv>
        <pc:TextEquiv conf="0.9813" index="1">
          <pc:Unicode>Jahres 1748 zum Diekonus der Brüder-</pc:Unicode>
        </pc:TextEquiv>
      </pc:TextLine>
      <pc:TextLine id="eSc_line_cd9f94ba" custom="structure {type:default;}">
        <pc:Coords points="67,366 67,382 116,380 135,383 151,385 152,385 153,385 162,383 175,379 188,383 194,384 195,384 196,384 196,384 201,383 208,380 233,383 254,384 255,384 256,384 264,383 279,379 321,382 343,383 344,383 354,382 379,377 420,382 432,383 433,383 461,382 533,378 546,381 548,382 549,382 550,382 555,381 589,375 672,381 678,381 679,381 682,381 712,375 785,380 786,363 784,343 699,342 683,331 682,331 681,331 680,331 679,331 655,343 654,344 614,344 613,343 581,331 581,331 522,331 521,331 521,331 506,338 482,331 481,331 480,331 445,332 444,332 419,343 341,332 341,332 340,332 339,332 321,344 317,347 293,347 290,344 268,333 267,333 247,333 247,333 246,333 245,333 230,344 226,348 195,348 189,344 171,334 170,334 170,334 169,334 132,345 128,346 123,345 90,334 89,334 88,334 87,334 66,344 67,366"/>
        <pc:Baseline points="67,366 230,369 786,363"/>
        <pc:TextEquiv index="0">
          <pc:Unicode>Kirche ordinirt worden, übernahm er</pc:Unicode>
        </pc:TextEquiv>
        <pc:TextEquiv conf="0.9978" index="1">
          <pc:Unicode>Kirche ordinirt worden, übernahm er</pc:Unicode>
        </pc:TextEquiv>
      </pc:TextLine>
      <pc:TextLine id="eSc_line_afaabf26" custom="structure {type:default;}">
        <pc:Coords points="73,412 72,424 114,426 125,435 126,435 127,435 128,436 227,436 227,435 228,435 229,435 239,429 277,436 278,437 278,436 316,429 343,436 344,436 345,436 346,436 363,428 367,426 393,429 415,431 416,431 417,431 423,429 431,427 439,430 462,437 463,437 464,437 493,430 496,430 501,431 543,437 544,437 545,437 546,437 553,431 559,427 605,427 615,432 616,433 617,433 618,433 630,433 703,428 716,434 726,438 726,438 727,438 728,438 744,434 768,428 789,434 792,416 791,376 688,375 687,375 686,375 681,378 651,393 551,393 535,381 529,376 529,376 528,376 527,376 395,378 379,374 378,374 377,374 376,374 358,381 343,376 342,376 341,376 341,376 340,376 325,385 313,392 287,392 277,386 263,376 262,376 261,376 260,376 259,376 234,387 230,389 225,387 203,377 202,377 201,377 200,377 181,383 159,376 158,376 157,376 156,376 155,376 136,389 133,391 73,391 73,412"/>
        <pc:Baseline points="73,412 792,416"/>
        <pc:TextEquiv index="0">
          <pc:Unicode>im Jahr daruf das Pfleger⸗ oder Hel⸗</pc:Unicode>
        </pc:TextEquiv>
        <pc:TextEquiv conf="0.9879" index="1">
          <pc:Unicode>im Jahr darauf das Pfleger⸗ oder Hel⸗</pc:Unicode>
        </pc:TextEquiv>
      </pc:TextLine>
      <pc:TextLine id="eSc_line_ec171da9" custom="structure {type:default;}">
        <pc:Coords points="77,468 77,483 789,479 790,464 788,442 708,442 705,440 680,425 679,425 678,425 677,425 676,425 675,425 652,439 648,442 638,442 633,438 614,425 613,425 612,425 611,425 551,426 550,426 549,426 539,433 507,426 506,426 505,426 504,426 492,435 490,437 487,435 480,430 479,430 478,430 456,428 455,428 454,428 453,428 444,434 431,443 390,434 363,428 362,428 361,428 360,428 355,433 344,442 310,443 287,433 286,433 285,433 264,434 249,431 235,427 234,427 233,427 232,427 231,427 227,431 216,439 183,432 182,432 181,432 141,443 121,428 120,427 119,427 119,427 118,427 76,427 77,468"/>
        <pc:Baseline points="77,468 790,464"/>
        <pc:TextEquiv index="0">
          <pc:Unicode>fer⸗Amt bey dem led. Brüderchor in</pc:Unicode>
        </pc:TextEquiv>
        <pc:TextEquiv conf="0.9822" index="1">
          <pc:Unicode>fer⸗Amt bey dem led. Brüderchor in</pc:Unicode>
        </pc:TextEquiv>
      </pc:TextLine>
      <pc:TextLine id="eSc_line_20e6eb83" custom="structure {type:default;}">
        <pc:Coords points="98,537 133,532 162,536 162,536 163,536 178,530 262,535 278,536 279,536 301,535 390,529 488,532 514,533 515,533 516,533 519,532 529,528 538,532 545,534 546,534 547,534 799,528 800,515 795,475 769,491 738,492 675,492 644,482 643,482 642,482 618,486 603,476 602,476 601,476 582,476 581,476 581,476 580,476 569,484 526,478 525,478 524,478 497,493 475,493 455,479 454,479 453,479 452,479 452,479 451,479 433,492 403,487 402,487 331,492 309,481 308,481 237,479 236,479 235,479 217,488 195,477 194,477 98,477 98,514 98,537"/>
        <pc:Baseline points="98,514 234,519 800,515"/>
        <pc:TextEquiv index="0">
          <pc:Unicode>Hhut. Das war aber die Zeit, in wel⸗</pc:Unicode>
        </pc:TextEquiv>
        <pc:TextEquiv conf="0.9865" index="1">
          <pc:Unicode>Hhut. Das war aber die Zeit, in wel⸗</pc:Unicode>
        </pc:TextEquiv>
      </pc:TextLine>
      <pc:TextLine id="eSc_line_d0c7c193" custom="structure {type:default;}">
        <pc:Coords points="78,565 78,591 115,582 177,582 188,589 188,589 189,589 190,589 191,589 192,589 205,582 222,582 243,590 244,590 245,590 246,590 264,585 273,590 273,590 274,590 275,590 307,590 322,589 323,589 341,582 359,588 360,588 361,588 362,588 376,583 431,589 435,589 435,589 436,589 437,589 459,581 479,589 480,589 481,589 482,590 508,590 508,589 509,589 512,588 545,580 672,580 689,587 690,587 691,587 692,587 709,580 726,588 727,588 728,588 729,588 732,588 757,583 795,587 797,568 794,532 769,542 727,538 726,538 726,538 725,538 719,544 628,544 619,537 618,537 617,537 616,537 593,539 574,532 566,529 565,529 564,529 472,530 457,533 404,542 374,533 373,533 321,530 320,530 319,530 312,533 286,543 261,535 260,535 259,535 223,537 222,537 222,537 210,544 185,533 182,532 181,532 180,532 179,532 175,533 139,545 112,533 109,532 108,532 107,532 77,533 78,565"/>
        <pc:Baseline points="78,565 232,572 797,568"/>
        <pc:TextEquiv index="0">
          <pc:Unicode>cher die leichtſinnige Schwärmerey, wel⸗</pc:Unicode>
        </pc:TextEquiv>
        <pc:TextEquiv conf="0.9823" index="1">
          <pc:Unicode>cher die leichtſinnige Schwärmerey, wel⸗</pc:Unicode>
        </pc:TextEquiv>
      </pc:TextLine>
      <pc:TextLine id="eSc_line_4127f8e7" custom="structure {type:default;}">
        <pc:Coords points="81,623 83,640 96,632 156,637 157,637 183,632 199,639 208,642 209,642 210,642 237,639 277,632 294,638 303,640 304,640 305,640 331,637 372,631 404,636 439,641 440,641 489,637 583,640 584,640 585,640 598,633 604,630 615,633 640,639 641,639 641,640 698,640 698,639 699,639 700,639 709,632 713,630 799,630 801,620 798,603 705,603 697,601 647,585 646,585 645,585 644,585 625,592 608,586 607,586 555,586 555,586 554,586 553,586 535,597 534,597 523,597 502,597 501,597 500,597 499,597 491,603 465,596 427,588 378,587 377,587 376,587 352,595 322,605 260,605 239,593 230,588 230,588 229,588 228,588 197,592 188,594 187,594 186,594 175,603 138,591 128,588 127,588 126,588 80,589 81,623"/>
        <pc:Baseline points="81,623 801,620"/>
        <pc:TextEquiv index="0">
          <pc:Unicode>che nach u. nach bey verführeriſchen u.</pc:Unicode>
        </pc:TextEquiv>
        <pc:TextEquiv conf="0.9872" index="1">
          <pc:Unicode>che nach u. nach bey verführeriſchen u.</pc:Unicode>
        </pc:TextEquiv>
      </pc:TextLine>
      <pc:TextLine id="eSc_line_0f175a26" custom="structure {type:default;}">
        <pc:Coords points="77,668 77,684 92,683 94,684 102,690 102,690 103,690 104,691 197,691 197,690 230,684 250,681 260,684 270,688 271,688 272,688 336,684 352,683 358,684 396,691 397,691 398,691 399,691 410,684 411,682 431,681 438,683 462,692 463,692 464,692 465,692 478,686 535,690 536,690 623,683 627,683 631,683 707,693 708,693 709,693 709,693 725,683 726,683 774,688 775,688 809,682 810,672 809,649 704,648 673,635 672,635 671,635 670,635 648,640 639,635 638,635 637,635 636,635 635,635 634,635 615,647 613,647 535,647 534,647 517,634 516,634 515,634 477,634 476,634 475,634 437,646 433,647 428,646 383,633 382,633 381,633 380,633 358,643 346,634 345,634 344,634 343,634 275,640 263,632 262,632 261,632 170,632 169,632 168,632 139,643 133,646 125,643 116,639 115,639 114,639 77,642 77,668"/>
        <pc:Baseline points="77,668 810,672"/>
        <pc:TextEquiv index="0">
          <pc:Unicode>verführten Leuten in den Brüdergemei⸗</pc:Unicode>
        </pc:TextEquiv>
        <pc:TextEquiv conf="0.9915" index="1">
          <pc:Unicode>verführten Leuten in den Brüdergemei⸗</pc:Unicode>
        </pc:TextEquiv>
      </pc:TextLine>
      <pc:TextLine id="eSc_line_a6f25f3c" custom="structure {type:default;}">
        <pc:Coords points="76,718 76,733 161,733 162,734 175,741 176,741 177,741 257,736 307,740 307,740 308,740 309,740 316,734 320,732 344,734 358,735 358,735 369,734 398,731 427,734 465,739 466,739 522,734 557,732 592,734 616,736 617,736 633,734 658,732 666,734 675,737 675,737 676,737 677,737 678,737 682,734 687,732 731,734 746,735 747,735 748,735 749,735 750,734 757,730 769,734 771,719 769,696 717,684 716,684 715,684 700,690 689,685 688,685 687,685 686,685 661,696 655,698 608,699 599,696 578,686 577,686 576,686 575,686 557,696 549,699 526,696 521,695 520,695 513,696 478,700 470,696 468,695 467,695 466,695 465,695 463,696 453,701 366,701 356,696 344,688 343,688 342,688 341,688 262,693 186,689 185,689 152,696 114,703 76,696 76,718"/>
        <pc:Baseline points="76,718 169,725 771,719"/>
        <pc:TextEquiv index="0">
          <pc:Unicode>nen aufgekom̅en war, und worüber</pc:Unicode>
        </pc:TextEquiv>
        <pc:TextEquiv conf="0.9808" index="1">
          <pc:Unicode>nen aufgekom̅en war, und worüber</pc:Unicode>
        </pc:TextEquiv>
      </pc:TextLine>
      <pc:TextLine id="eSc_line_dee5dd0d" custom="structure {type:default;}">
        <pc:Coords points="83,773 83,784 127,790 128,790 128,790 137,785 143,783 208,783 219,786 238,792 239,792 239,793 298,793 298,792 299,792 313,787 326,782 417,782 430,788 436,791 437,791 438,791 439,791 450,788 459,786 473,788 486,790 487,790 495,788 525,782 631,789 632,789 632,789 659,782 683,790 686,791 687,791 688,792 751,792 751,791 752,791 752,791 767,784 775,791 776,791 777,791 777,792 806,792 806,772 804,742 787,744 784,741 767,731 766,731 765,731 728,731 727,731 726,731 726,731 709,741 702,747 691,747 678,741 653,731 652,731 590,731 589,731 589,731 567,740 471,732 470,732 470,732 469,732 455,741 446,748 434,741 419,734 418,734 418,734 417,734 396,741 375,749 295,749 275,741 255,733 254,733 253,733 252,733 231,741 210,750 147,750 134,741 122,733 121,733 120,733 119,733 82,740 83,773"/>
        <pc:Baseline points="83,773 564,769 806,772"/>
        <pc:TextEquiv index="0">
          <pc:Unicode>treue Herzen in derſelben bisher ſchmerz⸗</pc:Unicode>
        </pc:TextEquiv>
        <pc:TextEquiv conf="0.9944" index="1">
          <pc:Unicode>treue Herzen in derſelben bisher ſchmerz⸗</pc:Unicode>
        </pc:TextEquiv>
      </pc:TextLine>
      <pc:TextLine id="eSc_line_3c30311f" custom="structure {type:default;}">
        <pc:Coords points="80,846 119,845 120,845 121,845 129,839 144,845 145,845 145,845 146,845 160,839 196,843 197,843 234,836 250,841 251,841 252,841 276,838 287,844 290,845 290,845 291,846 317,846 317,845 318,845 319,845 321,843 327,839 337,843 338,843 339,843 340,843 341,843 341,843 351,835 366,835 376,843 377,844 378,844 379,844 380,845 393,845 393,844 394,844 395,844 397,843 408,835 488,835 499,842 500,842 501,842 502,842 506,842 536,835 544,841 549,844 550,844 551,844 552,845 577,845 577,844 578,844 579,844 584,840 590,835 606,840 619,843 620,843 621,843 647,840 678,835 709,835 725,838 742,843 743,843 743,843 794,837 794,824 793,792 778,794 771,792 759,785 758,785 757,785 730,786 729,786 728,786 722,791 714,798 688,798 677,791 673,788 672,788 671,788 638,785 637,785 636,785 635,785 628,791 623,794 613,792 612,792 611,792 610,792 587,798 573,791 567,787 566,787 526,786 525,786 524,786 513,791 495,799 457,799 440,791 430,786 429,786 412,786 411,786 410,786 402,790 387,799 315,799 299,790 296,787 295,787 294,787 293,787 277,790 257,793 235,790 218,787 217,787 216,787 215,787 212,790 202,796 180,790 178,789 177,789 176,789 175,789 173,790 159,795 145,790 140,787 139,787 138,787 80,790 80,818 80,846"/>
        <pc:Baseline points="80,818 157,828 484,823 794,824"/>
        <pc:TextEquiv index="0">
          <pc:Unicode>lich betrübt geweſen, mit großem Ernſt</pc:Unicode>
        </pc:TextEquiv>
        <pc:TextEquiv conf="0.9731" index="1">
          <pc:Unicode>lich betrübt geweſen, mit großem Ernſt</pc:Unicode>
        </pc:TextEquiv>
      </pc:TextLine>
      <pc:TextLine id="eSc_line_4ca60571" custom="structure {type:default;}">
        <pc:Coords points="79,886 111,894 206,895 207,895 238,888 258,884 303,886 305,889 309,893 310,893 311,893 312,893 328,889 346,885 362,889 367,891 367,891 368,891 369,891 375,890 393,885 406,890 410,892 411,892 412,893 444,893 444,892 445,892 450,891 470,885 512,885 521,891 522,891 523,891 524,891 525,891 547,885 567,886 578,892 586,897 587,897 588,897 589,897 645,893 734,886 756,895 764,897 765,897 766,897 792,895 793,879 792,843 728,843 727,843 726,843 726,843 707,854 673,843 669,842 668,842 641,842 641,842 640,842 637,843 611,856 572,855 554,843 550,841 549,841 548,841 517,841 516,841 515,841 506,843 468,856 441,856 420,843 414,840 413,840 412,840 411,840 390,844 374,847 370,844 365,840 364,840 363,840 343,840 342,840 341,840 341,840 333,844 316,854 235,854 205,845 182,838 181,838 180,838 179,838 165,845 150,853 94,853 82,845 80,869 79,886"/>
        <pc:Baseline points="80,869 221,877 793,879"/>
        <pc:TextEquiv index="0">
          <pc:Unicode>angeſchrien wurde, u. aus unſerm Mit⸗</pc:Unicode>
        </pc:TextEquiv>
        <pc:TextEquiv conf="0.9996" index="1">
          <pc:Unicode>angeſchrien wurde, u. aus unſerm Mit⸗</pc:Unicode>
        </pc:TextEquiv>
      </pc:TextLine>
      <pc:TextLine id="eSc_line_cc10b5ab" custom="structure {type:default;}">
        <pc:Coords points="86,927 86,937 312,943 313,943 314,943 315,943 325,936 326,936 327,936 346,943 347,943 348,944 380,944 380,943 381,943 401,936 402,935 405,936 424,943 425,943 426,943 427,943 441,935 443,935 508,934 512,935 538,942 538,942 539,943 575,943 575,942 576,942 592,935 658,941 658,941 659,941 660,941 673,933 675,933 729,933 730,933 754,941 755,941 756,941 791,932 792,923 791,893 778,888 777,888 777,888 776,888 764,893 763,893 762,893 750,886 749,886 748,886 747,886 729,892 707,899 681,892 670,889 669,889 668,889 667,889 662,892 649,900 590,900 576,892 571,888 570,888 569,888 568,888 547,891 546,891 545,891 545,892 532,901 426,901 411,891 408,888 407,888 406,888 350,888 350,888 349,888 348,888 344,891 335,896 317,891 310,888 309,888 308,888 199,889 198,889 196,890 175,903 164,903 144,890 143,889 142,889 141,889 140,889 139,889 136,890 121,894 85,890 86,927"/>
        <pc:Baseline points="86,927 792,923"/>
        <pc:TextEquiv index="0">
          <pc:Unicode>tel, als etwas für eine Gemeine des</pc:Unicode>
        </pc:TextEquiv>
        <pc:TextEquiv conf="0.9841" index="1">
          <pc:Unicode>tel, als etwas für eine Gemeine des</pc:Unicode>
        </pc:TextEquiv>
      </pc:TextLine>
      <pc:TextLine id="eSc_line_ab537753" custom="structure {type:default;}">
        <pc:Coords points="93,973 92,990 100,995 101,995 102,995 129,990 150,988 172,990 231,999 232,999 233,999 263,991 270,989 272,991 282,1000 283,1000 284,1000 285,1001 316,1001 316,1000 317,1000 339,991 344,989 349,991 368,1001 369,1001 370,1002 399,1002 399,1001 400,1001 401,1001 412,994 452,1001 452,1001 453,1001 454,1001 467,992 468,991 474,992 497,996 498,996 525,992 534,991 538,992 565,1003 566,1003 567,1003 618,999 641,1004 642,1005 675,1005 675,1004 675,1004 708,993 709,993 711,993 756,999 757,999 758,999 759,999 767,994 810,994 811,980 809,946 791,956 753,956 735,946 734,944 733,944 732,944 670,940 669,940 668,940 660,944 638,954 580,950 579,950 540,954 522,954 505,941 502,938 501,938 500,938 499,938 485,941 461,946 449,940 442,937 441,937 404,937 403,937 402,937 396,939 362,952 341,938 339,937 338,937 337,937 336,937 321,938 283,943 241,937 230,936 230,936 229,936 228,936 227,937 207,951 182,951 145,949 126,935 125,935 124,935 93,935 93,973"/>
        <pc:Baseline points="93,973 811,980"/>
        <pc:TextEquiv index="0">
          <pc:Unicode>Herrn ſehr ſchmähliges, weggeſchafft wer⸗</pc:Unicode>
        </pc:TextEquiv>
        <pc:TextEquiv conf="0.9785" index="1">
          <pc:Unicode>Herrn ſehr ſchmähliges, weggeſchafft wer⸗</pc:Unicode>
        </pc:TextEquiv>
      </pc:TextLine>
      <pc:TextLine id="eSc_line_541c2d15" custom="structure {type:default;}">
        <pc:Coords points="90,1025 92,1042 99,1037 136,1037 148,1042 158,1047 159,1047 160,1048 236,1048 236,1047 237,1047 247,1044 265,1038 290,1038 299,1044 300,1045 301,1045 302,1045 303,1045 311,1044 358,1039 396,1045 406,1047 407,1047 420,1046 443,1043 486,1046 519,1048 520,1048 521,1048 521,1048 523,1047 530,1041 604,1039 621,1046 622,1046 623,1046 623,1046 649,1039 699,1045 700,1045 729,1040 738,1047 739,1047 740,1047 741,1047 776,1042 811,1049 812,1031 811,1008 651,1011 640,1004 629,997 628,997 627,997 609,996 608,996 607,996 594,1003 592,1003 554,1001 553,1001 552,1001 551,1001 549,1002 542,1006 531,1002 520,997 519,997 518,997 517,997 516,997 511,1001 498,1010 468,1009 452,1000 452,999 451,999 450,999 449,999 448,999 445,1000 424,1007 405,1001 404,1001 403,1001 354,1009 331,997 323,994 322,994 321,994 320,994 309,997 284,1005 262,997 256,994 256,994 188,994 187,994 186,994 184,995 167,1002 154,994 153,993 153,993 152,993 90,993 90,1025"/>
        <pc:Baseline points="90,1025 312,1031 812,1031"/>
        <pc:TextEquiv index="0">
          <pc:Unicode>den solte. Da war auch in dem Brüder⸗</pc:Unicode>
        </pc:TextEquiv>
        <pc:TextEquiv conf="0.976" index="1">
          <pc:Unicode>den ſolte. Da war auch in dem Brüder-</pc:Unicode>
        </pc:TextEquiv>
      </pc:TextLine>
      <pc:TextLine id="eSc_line_8a4579f0" custom="structure {type:default;}">
        <pc:Coords points="95,1091 107,1095 108,1095 109,1095 110,1095 126,1091 128,1091 130,1091 142,1097 143,1097 144,1097 194,1091 206,1091 220,1091 269,1098 270,1098 303,1092 316,1091 318,1092 325,1098 326,1098 327,1098 328,1099 359,1099 359,1098 360,1098 374,1093 381,1091 418,1093 467,1097 468,1097 503,1094 541,1091 552,1094 562,1098 563,1098 564,1098 644,1095 788,1090 811,1096 813,1076 811,1056 641,1058 630,1051 614,1040 613,1040 612,1040 611,1040 610,1040 609,1040 596,1051 585,1058 556,1058 542,1050 529,1041 528,1041 527,1041 526,1041 525,1041 504,1048 495,1046 494,1046 493,1046 492,1046 485,1048 477,1052 469,1048 467,1048 466,1048 465,1048 464,1048 461,1048 444,1053 433,1048 419,1041 418,1041 369,1041 368,1041 367,1041 355,1046 330,1056 310,1045 302,1041 301,1041 271,1041 270,1041 269,1041 262,1044 230,1059 171,1059 139,1041 138,1041 137,1041 95,1041 95,1074 95,1091"/>
        <pc:Baseline points="95,1074 280,1079 813,1076"/>
        <pc:TextEquiv index="0">
          <pc:Unicode>Chor in Herrnhut vieles aufzuräumen</pc:Unicode>
        </pc:TextEquiv>
        <pc:TextEquiv conf="0.998" index="1">
          <pc:Unicode>Chor in Herrnhut vieles aufzuräumen</pc:Unicode>
        </pc:TextEquiv>
      </pc:TextLine>
      <pc:TextLine id="eSc_line_15e5ff03" custom="structure {type:default;}">
        <pc:Coords points="89,1125 88,1138 97,1145 98,1145 99,1145 100,1146 137,1146 137,1145 138,1145 139,1145 145,1141 235,1146 236,1146 273,1140 273,1140 274,1140 299,1147 300,1147 301,1147 350,1142 373,1139 404,1142 429,1145 430,1145 451,1143 487,1140 499,1144 510,1149 511,1149 512,1150 563,1150 563,1149 564,1149 564,1149 568,1146 576,1140 595,1140 645,1140 655,1148 658,1150 658,1150 659,1150 660,1150 661,1150 667,1148 689,1141 701,1145 702,1145 703,1145 704,1145 716,1141 790,1141 803,1150 803,1150 804,1150 805,1151 819,1151 820,1131 819,1101 791,1102 787,1101 773,1094 772,1094 667,1093 666,1093 666,1093 665,1093 652,1101 638,1110 623,1110 607,1101 590,1092 589,1092 589,1092 570,1094 569,1094 568,1094 557,1102 545,1109 467,1109 456,1102 439,1091 438,1091 437,1091 422,1091 421,1091 420,1091 419,1091 402,1102 401,1104 350,1108 341,1102 317,1091 316,1091 316,1091 315,1091 296,1095 273,1090 273,1090 272,1090 271,1090 270,1090 251,1101 230,1090 230,1090 229,1090 228,1090 227,1090 209,1103 204,1107 89,1104 89,1125"/>
        <pc:Baseline points="89,1125 820,1131"/>
        <pc:TextEquiv index="0">
          <pc:Unicode>u. auszufegen. Da machten ihm dann</pc:Unicode>
        </pc:TextEquiv>
        <pc:TextEquiv conf="0.9975" index="1">
          <pc:Unicode>u. auszufegen. Da machten ihm dann</pc:Unicode>
        </pc:TextEquiv>
      </pc:TextLine>
      <pc:TextLine id="eSc_line_1caa95c7" custom="structure {type:default;}">
        <pc:Coords points="89,1170 89,1184 212,1188 213,1188 250,1184 253,1184 254,1184 277,1193 278,1193 279,1193 316,1193 316,1193 317,1193 318,1193 330,1184 368,1192 369,1192 418,1188 471,1193 472,1193 473,1193 490,1184 510,1193 511,1193 512,1193 553,1187 576,1192 577,1192 578,1192 579,1192 593,1183 597,1183 654,1189 655,1189 656,1189 676,1183 677,1183 699,1192 700,1192 700,1193 758,1193 758,1192 759,1192 776,1183 805,1182 806,1172 803,1151 765,1152 762,1151 745,1138 744,1138 743,1138 685,1138 684,1138 683,1138 664,1144 655,1138 654,1138 653,1138 608,1138 607,1138 606,1138 606,1138 586,1151 584,1153 579,1152 540,1142 539,1142 538,1142 538,1142 537,1142 523,1152 521,1154 487,1154 485,1152 470,1141 469,1141 468,1141 440,1139 439,1139 438,1139 401,1152 397,1154 393,1152 367,1141 366,1141 365,1141 364,1141 363,1141 344,1153 341,1155 248,1155 246,1153 223,1142 222,1142 161,1139 160,1139 159,1139 136,1150 116,1144 115,1144 114,1144 113,1144 88,1153 89,1170"/>
        <pc:Baseline points="89,1170 306,1176 806,1172"/>
        <pc:TextEquiv index="0">
          <pc:Unicode>wol die Brüder, die ihren Leichtſinn</pc:Unicode>
        </pc:TextEquiv>
        <pc:TextEquiv conf="0.9857" index="1">
          <pc:Unicode>wol die Brüder, die ihren Leichtſinn</pc:Unicode>
        </pc:TextEquiv>
      </pc:TextLine>
      <pc:TextLine id="eSc_line_3ceafa8d" custom="structure {type:default;}">
        <pc:Coords points="88,1246 128,1245 128,1245 129,1245 153,1230 170,1229 194,1234 195,1235 195,1234 218,1229 230,1238 231,1238 232,1238 233,1238 234,1238 264,1230 296,1239 297,1239 298,1239 299,1239 312,1234 336,1239 337,1239 338,1239 355,1235 370,1240 386,1245 387,1245 388,1246 524,1246 524,1245 525,1245 554,1235 570,1229 649,1229 665,1232 696,1238 697,1238 698,1238 709,1234 722,1240 723,1240 724,1240 725,1240 760,1230 763,1229 765,1229 777,1235 777,1235 778,1235 803,1228 804,1217 802,1199 699,1202 680,1198 666,1193 665,1193 664,1193 663,1193 655,1197 646,1202 588,1202 578,1197 564,1188 564,1188 563,1188 536,1188 535,1188 534,1188 512,1196 495,1203 474,1203 465,1196 455,1188 454,1188 453,1188 452,1188 452,1188 437,1196 424,1202 373,1201 364,1195 353,1188 352,1188 351,1188 350,1188 269,1193 237,1188 236,1188 235,1188 217,1194 202,1200 188,1200 179,1193 170,1188 169,1188 168,1188 132,1188 131,1188 130,1188 120,1193 110,1199 89,1193 88,1219 88,1246"/>
        <pc:Baseline points="88,1219 499,1224 804,1217"/>
        <pc:TextEquiv index="0">
          <pc:Unicode>erkannten, bereueten, beweinten, u.</pc:Unicode>
        </pc:TextEquiv>
        <pc:TextEquiv conf="0.9794" index="1">
          <pc:Unicode>erkannten, bereueten, beweinten, u.</pc:Unicode>
        </pc:TextEquiv>
      </pc:TextLine>
      <pc:TextLine id="eSc_line_1bbdb4ae" custom="structure {type:default;}">
        <pc:Coords points="97,1278 99,1291 109,1286 134,1286 140,1290 143,1293 144,1293 145,1293 145,1293 146,1293 152,1290 163,1284 227,1284 238,1289 241,1291 242,1291 243,1291 244,1291 245,1291 247,1289 255,1283 307,1283 329,1288 344,1293 345,1293 346,1293 347,1293 355,1288 364,1283 372,1288 382,1295 383,1295 384,1295 384,1295 415,1295 415,1295 416,1295 417,1295 427,1287 433,1283 452,1286 453,1286 454,1286 471,1281 486,1287 500,1293 501,1293 502,1294 553,1294 553,1293 598,1287 599,1287 603,1286 618,1278 640,1286 658,1291 658,1291 659,1291 814,1283 814,1268 812,1231 700,1230 700,1230 699,1230 685,1235 667,1242 633,1246 624,1243 623,1243 623,1243 622,1243 621,1243 621,1244 616,1247 601,1247 586,1238 574,1232 573,1232 572,1232 534,1240 532,1240 530,1240 501,1235 500,1235 499,1235 487,1242 472,1250 406,1250 398,1244 384,1235 383,1235 382,1235 381,1235 333,1235 332,1235 331,1235 316,1247 310,1252 290,1253 234,1253 230,1250 214,1239 213,1239 213,1239 212,1239 211,1239 187,1246 166,1240 165,1240 164,1240 163,1240 162,1240 146,1253 145,1254 96,1254 97,1278"/>
        <pc:Baseline points="97,1278 814,1268"/>
        <pc:TextEquiv index="0">
          <pc:Unicode>ſich davon befreyen lieſſen, viel Freu⸗</pc:Unicode>
        </pc:TextEquiv>
        <pc:TextEquiv conf="0.9803" index="1">
          <pc:Unicode>ſich davon befreyenlieſſen, viel Freu⸗</pc:Unicode>
        </pc:TextEquiv>
      </pc:TextLine>
      <pc:TextLine id="eSc_line_8f261b83" custom="structure {type:default;}">
        <pc:Coords points="96,1326 97,1345 112,1341 126,1345 155,1354 156,1354 157,1355 186,1355 186,1354 187,1354 212,1344 221,1340 312,1340 321,1344 335,1349 336,1349 520,1352 521,1352 521,1352 557,1342 561,1341 564,1342 597,1350 598,1350 598,1350 599,1350 625,1341 626,1340 693,1338 698,1340 708,1348 709,1348 709,1348 726,1350 727,1350 764,1342 784,1348 785,1348 786,1348 820,1339 821,1324 820,1293 790,1284 789,1284 692,1284 691,1284 629,1285 628,1285 627,1285 615,1294 559,1286 558,1286 557,1286 541,1295 529,1302 483,1302 469,1295 450,1287 449,1287 448,1287 447,1287 446,1287 433,1295 422,1301 396,1295 389,1294 388,1294 387,1294 383,1295 379,1296 377,1295 367,1287 366,1287 365,1287 364,1287 363,1287 346,1295 333,1303 297,1303 282,1295 263,1287 262,1287 261,1287 260,1287 259,1287 247,1295 235,1304 149,1304 137,1296 124,1287 123,1287 122,1287 121,1287 120,1287 95,1295 96,1326"/>
        <pc:Baseline points="96,1326 675,1321 821,1324"/>
        <pc:TextEquiv index="0">
          <pc:Unicode>de; andre aber, die ſich entweder ſelbſt</pc:Unicode>
        </pc:TextEquiv>
        <pc:TextEquiv conf="0.9933" index="1">
          <pc:Unicode>de; andre aber, die ſich entweder ſelbſt.</pc:Unicode>
        </pc:TextEquiv>
      </pc:TextLine>
      <pc:TextLine id="eSc_line_d7c78780" custom="structure {type:default;}">
        <pc:Coords points="754,1364 754,1378 760,1382 760,1382 761,1382 762,1382 820,1376 820,1364 820,1351 754,1345 754,1364"/>
        <pc:Baseline points="754,1364 820,1364"/>
        <pc:TextEquiv index="0">
          <pc:Unicode>von</pc:Unicode>
        </pc:TextEquiv>
        <pc:TextEquiv conf="1." index="1">
          <pc:Unicode>von</pc:Unicode>
        </pc:TextEquiv>
      </pc:TextLine>
    </pc:TextRegion>
  </pc:Page>
</pc:PcGts>
