1000 1611
78 189 794 249 mir Hochmuth u. Selbſtgefälligkeit gar
83 237 789 305 ſehr im Wege. Ich blieb auch bey mei-
76 287 804 350 nem Verderbenzu lang ſtehen, u. betrüb-
77 338 798 400 ſte den Heiland oft durch Mißtrauen u.
82 390 809 452 Zurücktreten, da Er mir doch mit ſeiner
89 440 779 508 Hülfe ſtets entgegen eilte, wie ich oft
80 494 805 559 in meinen Mädchenjahren erfahren habe.
88 546 807 611 Ao 1781 trat ich ins Chor der led. Schwe-
80 602 747 663 ſtern ein, mit dem angelegentlichen
85 648 800 713 Wunſch, daß der l. Hld mich in dem⸗
83 705 763 768 ſelben aller der Segen, die Er diesem
87 759 811 826 Chor insbeſondrer erworben, ganz theil-
88 814 748 875 haftig machen möge. Alle meine
89 869 774 931 Stunden heilige Du dir, mach mich
85 920 814 988 deinen Wunden, Lam̅. zur Ehr u. Zier
85 973 817 1031 ___ das war mein Flehen; und ach! wie
89 1021 821 1084 gern hätte mein treuer Hld dieſes an
89 1068 821 1137 mir erfüllt. Aber ich habe gar bald wie⸗
93 1126 772 1190 der den Bund gebrochen, u. bin Ihm
88 1180 764 1244 noch oft zur Schmach geweſen; denn
87 1233 795 1295 nach Verlauf eines Jahres kam ich von
90 1288 777 1355 der seligen Einfalt ab, u. zerſtreute
696 100 810 194 1
