1000 1611
763 128 835 172 35.
106 195 803 258 zwar in etwas wieder, mußte aber
105 250 832 303 von da an ganz in der Krankenſtube
109 298 832 359 bleiben. An den Amhlstagen der Ge⸗
102 345 829 409 meine genoß ſie dieſes hohe Gut nebſt
101 398 818 457 den übrigen Kranken allemal unter
111 453 781 510 vielen Thränen, u. es war ihr im̅er
108 499 779 569 eine neue Herzſtärkung. So oft ihr
109 559 822 613 eins in die ewige Heimath voranging
108 596 817 667 ſchickte ſie Sehnſuchtsthränen nach, und
107 653 798 709 ihre Seele war voll Verlangen den
111 701 844 773 bald zu ſchauen, an welchen ſie glaubte.
116 762 848 826 Er machte ihr inzwiſchen die Schmerzen
158 818 811 880 Beſchwerden ihrer Krankheit ſehr er⸗
111 866 808 938 träglich. Die lezten Tage ſchlum̅erte ſie
111 925 790 984 viel, war ſich aber dazwiſchen im̅er
111 974 811 1043 ganz gegenwärtig. Am 29. May ſahe
108 1025 846 1098 man ſchon in aller frühe, daß ihr ſeliges
113 1073 838 1137 Ende herannahe. Sie empfing bey völliger
105 1120 836 1187 Bewußtheit den Segen der Gem. u. ihres Chores,
100 1176 832 1236 unter dem innigſten Gefühl des Friedens Gottes,
105 1220 830 1286 u. zu Mittag verſchied ſie ſo ſanft u. ſtille,
109 1275 826 1323 daß man es kaum gewahr wurde. Jhr
103 1312 854 1385 Alter hat ſie gebracht auf 60 Jahre u. 10 Monate.
730 1363 790 1427 II.
