1000 1612
152 139 210 173 40.
197 197 870 262 du darfſt ſo etwas nicht thun, du
189 254 905 314 biſt ja getauft." Sie hat darauf eine
189 304 903 360 Lähmung bekom̅en, daß ſie nicht im
187 350 906 414 Stande iſt was zu thun, u. ſehr elend
187 398 879 465 ausſehen ſoll. Auch die Heiden ſehen
182 455 914 516 dieſes für Gottes Strafe an. Von Jo-
178 506 914 571 hannes hörten wir auch allerley ſchlech-
185 559 912 619 tes, woraus wir erſahen, daß es ihm
180 611 906 674 mit ſeiner vorgegebenen Reue noch
187 663 918 724 kein Ernſt iſt. Alle dieſe Umſtände
182 717 872 780 wurden den Helfern zur treuen
180 770 916 835 Fürbitte empfohlen. Am Gemeintag
186 829 920 886 d. 10. Dec. wurden zwey Mädchen in
184 866 904 945 die Gem. aufgenom̅en. Die Geschwr
191 934 919 994 hörten mit Vergnügen ein diarium
186 986 908 1048 von Okkak verleſen. Jn der Beter⸗
201 1039 907 1106 Verſamlung am 16tn war eine beſon⸗
181 1109 918 1162 dere Bewegung wahrzunehmen, indem
181 1150 919 1213 während dem Anbeten verſchiedene Ge⸗
183 1200 928 1268 ſchwiſter laut weinten. D. 20tn hatten
181 1250 913 1322 die Geſellſchaftshalter ihre Conferenz, u.
179 1309 921 1382 bezeugten durchgängig, daß die Geſchwr.
818 1370 910 1406 wer-
