1000 1611
176 128 242 170 46.
201 196 919 255 men war, ſo fand ſich alles dazu ein,
204 246 920 296 was nur kom̅en konte, u. der Heiland
205 294 919 348 bekannte ſich mit vieler Gnade dazu.
215 345 932 409 Zwey leibliche Geſchwiſter des Neugetauf⸗
205 397 878 457 ten waren ſehr traurig, daß ihnen
203 446 833 502 nicht auch dieſe Gnade widerfuhr.
204 492 892 555 Unſre Geſchwr fingen um dieſe Zeit
199 545 888 597 an Hungersnoth zu leiden, weil ſie
202 590 938 649 ihren Vorrath von Heringen gröſtentheils
194 633 927 699 andern mitgetheilt hatten; u. doch fan⸗
196 681 928 735 den ſich von andern Orten im̅er viele
194 726 929 786 ein, die hier etwas zu bekom̅en hofften.
193 775 875 834 Unter andern war der Hexenmeiſter
193 823 925 886 Kellipak von Kangek hier. Da ihn Br.
194 871 922 940 Meyer fragte, ob er ſich nicht bekehren
194 922 929 988 u. ſeine Gauckeleyen fahren laſſen wolte,
189 972 925 1035 da er ſelber ſähe, daß er nichts damit
191 1018 931 1079 ausrichtete, denn er hätte um Seehunde
196 1074 921 1130 gehext, u. es wären noch nie ſo we⸗
193 1117 926 1180 nige geweſen als dieſes Jahr: ſo ant⸗
192 1172 929 1228 wortete er: Ja die Menſchen hungern
196 1218 885 1272 ſehr, u. darum kom̅en wir hieher,
196 1262 905 1313 uns einmal ſatt zu eſſen. Wenn
200 1306 911 1364 ich werde von Süden zurückkom̅en,
782 1349 905 1399 dann
