1000 1611
752 114 808 172 189.
75 175 798 230 ihm ſagen? Er war ein armer, aber durch
75 223 798 282 Gnade reichl. getröſteter Sünder, dem das
71 268 800 334 Wort von der Verſöhnung, die durch Chri⸗
72 320 774 393 ſtum geſchehen iſt, ſein Herz genom̅en
72 369 794 440 hatte. Die Brüdergemeine sahe er an
72 424 806 494 als ſeine Mutter, u. blieb in unverrück⸗
72 476 795 545 ter Liebe zu ihr. Was ihm in derſelben
68 534 791 593 anvertrauet wurde, das ſuchte er mit
71 594 798 653 vieler Treue zu beſorgen. Es war ihm
71 639 778 698 eine Freude, wenn er imſtande war
72 689 803 753 ſeinem Nächſten zu dienen. Jm Umgang
72 739 796 796 war er angenehm, beſcheiden u. verſtän⸗
73 778 802 847 dig, es mochte ſeyn, daß er mit Brüdern
80 836 808 895 oder mit Fremden, mit Hohen oder mit
78 881 774 945 Niedern zu thun hatte. Wenn auch
85 935 795 1005 ſchwere Dinge vorkamen, ſo blieb er
76 987 787 1056 in einem Gleichgewichte, u. ließ den
78 1030 769 1107 Muth nicht leicht ſinken. Wo er in
74 1088 800 1160 einer Gemeine die Ortsherrſchaft war,
75 1134 790 1208 da erzeigte er ſich als einen liebreichen
76 1193 769 1252 u. gütigen Herrn. Bekleidete er ein
71 1240 783 1297 ander Amt, ſo blieb er dabey, als ein
67 1289 804 1353 Diener der Gemeine, in ſeinen gemeſſe-
