1000 1611
170 127 191 184 2.
487 183 820 248 I. Lebensläufe.
174 260 870 324 L 1.) Die verwitwete Schw. Christiane
198 310 858 364 Eliſ. Erxleben geb. Wilhelmi (in
205 358 915 416 Gnadenfrey) hat von ihrem Gang durch
194 406 912 473 dieſe Zeit nichts ſchriftliches hinterlaſſen,
193 460 897 511 u. pflegte im̅er zu ſagen, wenn man
188 496 865 562 auf ihren Lebenslauf zu reden kam:
192 546 911 607 "Ich brauche keinen Lebenslauf zu schrei⸗
189 595 920 655 ben; an mir u. meinem Leben ist nichts
190 640 858 710 auf dieſer Erd, u. es wird am Ende
195 699 887 754 doch nur heiſſen: Da kom̅t ein' arme
189 742 887 808 Sünderin her, die gern fürs Löſegeld
188 800 896 865 ſelig wär". Es iſt daher nur folgendes
189 852 870 915 kürzlich anzumerken: Sie wurde
189 903 901 960 d. 16 Sept. 1723 zu Barby geboren, wo
190 950 914 1014 ihr Vater Chr. Friedrich Wilhelmi Bür⸗
189 1000 915 1065 germeiſter war. Von ihm u. ihrer Mut⸗
185 1050 889 1116 ter  Anna Dorothea geb. Hoyerin, die
185 1105 908 1166 ein gottesfürchtiges Leben führten, ge⸗
182 1159 878 1215 noß ſie eine gute Erziehung, wofür
194 1191 905 1264 sie öfters eine beſondere Dankbarkeit
188 1255 910 1312 äuſſerte. Ao 1742 trat sie mit ihrem
193 1300 897 1377 sel. Mann, Gottfr. Konrad Erxleben,
760 1355 899 1386 einem
