1000 1610
185 121 243 176 178.
211 186 927 249 von der Gemeine entfernten, oder von
213 235 918 295 ihr entfernt werden muſten, machten
207 279 897 344 ihm Schmerz u. Kum̅er. Denn es iſt
200 328 900 393 allemal viel ſchwerer einem Uebel
198 377 916 448 abzuhelfen, wenn es ſchon um ſich ge⸗
204 434 928 492 griffen hat, als wenn man die erſten
199 478 808 544 Spuren davon gleich vertilgt.
220 531 928 595 Jm J. 1750 beſuchte er abermal Eng⸗
195 577 889 644 land, wo der Ordinarius ſich damals
195 628 921 688 befand, u. mit vielen Arbeiten über-
194 677 881 745 laden war. Jn dieſer Zeit diente
191 727 848 792 er ſonderlich eine Zeitlang in der
190 780 914 847 Kinderanſtalt zu Smithhouſe in York⸗
201 826 882 891 ſhire. Jn dieſem Jahre trat er auch
192 874 907 945 in den  Beſitz des Ritterguts Trebus
191 927 908 998 in der Oberlauſiz, u. blieb in dem⸗
193 977 911 1051 ſelben bis in den October 1759. Er
184 1029 872 1101 wurde dadurch die Orts-Herrſchaft
183 1084 881 1152 des Geimeinorts Niesky, welcher im
189 1128 910 1218 Jahr 1742 zum Beſten einiger Böhmen
176 1187 915 1266 in den Sächſiſchen Landen, welche gern
173 1249 903 1317 in einer Brüdergemeine wohnen wol⸗
172 1288 906 1370 ten, angefangen worden war. Nachdem
796 1370 856 1423 sich
