1000 1611
735 118 803 182 187.
90 182 772 244 Waſſer ſaß. Eins von den 4 Pferden
86 227 770 290 am Wagen ſtürzte, u. erſoff auf der
91 274 764 336 Stelle. Da rief ihm ein Mann oben
85 317 816 392 vom Berge zu, er ſolte aus dem Wagen
88 363 809 443 herausklettern nach dem Kutſchenſitz zu.
88 421 795 490 Das that er, u. nun griff man zu, u.
87 468 805 538 rettete ihn. Dann rief der Mann dem
90 517 803 587 Poſtillion zu: Schneid die Ziehriemen
80 569 811 631 von dem ertrunkenen Pferde ab, u. dan̅
81 616 811 684 kehre um. Das geſchahe, u. er kam mit
82 668 803 741 dem Wagen u. den noch übrigen drey
85 709 397 769 Pferden davon.
118 760 810 828 Er hatte einige ſchwere Krankheiten
91 812 800 885 überſtanden z. E. a. 1757 die Ruhr
85 866 757 930 bey welcher Gelegenheit er ſeinem
94 918 799 984 Heimgang nahe zu ſeyn ſchien - und
88 969 812 1040 a. 1768 eine heftige Gicht, an welcher
82 1018 803 1087 er 8 Wochen lang darnieder lag. Von
79 1065 786 1136 lezterer Krankheit bekam er ſeitdem
78 1109 796 1186 dann u. wann wieder Anfälle, be⸗
81 1169 794 1235 ſonders a. 1787, da er das Töplitzer-
88 1210 752 1290 Bad mit Nutzen dagegen brauchte.
97 1266 798 1332 Von ſeiner lezten Krankheit (es war
79 1318 811 1384 ein heftiges Fieber, wozu ſich bald eine
