1000 1612
727 124 789 178 31.
75 185 769 251 lich betrübt war. Denn ſie verſtand
76 237 767 305 das ſelige Sündergeheimnis, sich mit
72 291 755 352 alle ihrem Elend zutraulich an den
81 345 774 407 Hld zu halten, u. der Umgang mit
81 399 780 459 Jhm war ihr unausſprechl. wichtig u.
74 442 779 505 unentbehrlich. Sie hatte einen tiefen
79 495 744 557 Eindruck von dem Glück, ein Glied
77 546 786 610 der Gemeine zu seyn, u. es lag ihr
80 597 774 666 sehr ernſtlich an, als eine Magd Jesu
77 650 771 713 der Gnade würdiglich zu wandeln.
87 702 784 763 Sie konte daher auch nicht wohl er⸗
78 757 759 818 tragen, wenn ſie bey andern eine
81 806 774 874 Gleichgültigkeit dagegen zu ſpüren
86 858 795 930 glaubte; da ſie ſich dann freilich zu
82 912 810 981 weilen bey dergleichen Beurtheilungen
86 969 780 1037 länger aufhielt, als es nöthig war,
83 1024 787 1091 u. sich manchmal ſelbſt die Zeit da⸗
86 1084 784 1141 mit verdarb. Gegen alle Armen u.
90 1128 780 1193 Elenden war ſie überaus mitleidig
91 1177 803 1247 gesinnt, abſonderlich hatte ſie einen
90 1225 807 1305 gar zärtlichen Hang zu den Kindern,
89 1285 801 1360 ſo daß ſie, ohne ſich ſelbſt zu schonen,
