1000 1611
743 126 811 171 33.
107 196 791 258 geſchriebenen kindlichen Unterredung
96 248 743 306 mit dem Heiland, darinn es heißt:
113 292 800 352 Mein allerliebſter Heiland! ich armes
95 341 761 400 beſchlieſſe nun dieſes 1786te Jahr, in
96 391 816 446 welchem ich mir die ſüße Hofnung ge⸗
94 434 814 487 macht hatte, daß Du dein Krankes ins
102 478 826 544 geſunde Reich aus Gnaden u. Barmher⸗
102 528 817 591 zigkeit aufnehmen würdeſt; aber nach
103 579 789 639 deinem Willen bin ich noch da. Ach
99 630 798 690 mein Erbarmer! Du legeſt mir mehr
96 682 756 735 auf, als man ertragen kan; und so
94 719 838 790 muß ich Dir zum Preise nachſagen, daß
105 777 820 842 Du mir in dieſem Jahre gnädig durch⸗
103 828 820 888 geholfen. O vergib, vergib mir meine
101 875 786 944 Ungeduld u. meine Empfindlichkeit,
106 924 804 994 die ich oft gegen meine l. Schweſtern
102 979 778 1042 bezeugt habe. Ach mein Herr Jeſu,
100 1026 782 1095 wenn ich Dich nicht hätte, wo ſolt ich
102 1071 828 1149 Aermſtes unter den Elenden mich ſonſt
106 1122 838 1191 hinwenden! Hebe Deine durchgrabenen
104 1175 829 1244 Hände über mich Armes auf, u. abſol⸗
98 1229 824 1287 vire mich von allen Sünden, darüber
99 1271 784 1343 ich wol ſchon vielmal den tröſtlichen
105 1323 826 1392 Anblick Deiner Gnade empfangen habe;
