1000 1611
757 132 808 191 39.
106 193 828 255 unſern Schweſtern geſagt: Wenn du das
102 238 796 303 thuſt, ſo iſt es eben ſo, als wenn du
102 286 830 354 über Gott deinen Schöpfer ſpotten wol⸗
104 333 822 409 teſt, denn er redet Gottes Wort, u. iſt
102 390 790 459 von Jhm zu uns geſandt worden" –
104 441 800 515 durch welche Antwort der Heide ganz
97 493 809 568 niedergeſchlagen worden. Andre Hei⸗
102 545 812 610 den in der Gegend bezeigen Luſt ſich
105 598 808 659 zu bekehren, u. einer hat den Helfer
101 647 803 710 Benjamin gebeten, in ſeinem Hauſe
95 694 777 762 eine Verſamlung zu halten. Deſto
101 740 814 811 ſchmerzlicher iſt es, daß die Charlotte,
96 804 820 859 die ſchon lange in Sünden u. Schanden
101 847 777 919 lebt, den Heiden abrathen ſoll ſich
103 908 803 964 zu bekehren, weil es ſie wieder ge⸗
98 963 831 1024 reuen möchte, ſo wie es ſie auch reue,
99 1004 828 1087 daß ſie getauft worden. Eine andre
101 1070 785 1137 ehedem Getaufte Namens Eleonora,
103 1122 780 1193 die unter den Heiden in Jtterſak
101 1175 769 1249 wohnt, hat, um jemanden geſund
102 1230 812 1312 zu machen, Hexerey gebraucht, obgleich
99 1275 771 1377 ihr ſelbst die Heiden geſagt hatten:
729 1362 802 1389 Du
