1000 1611
180 114 254 177 184.
208 179 902 239 ger Hauſe in Heerendyti, u. dazwiſchen
203 227 888 285 auf eine kurze Zeit mit Br. Johannes
201 281 920 341 in England; worauf er, wie oben ge⸗
196 327 931 392 meldet, mehrere Jahre hindurch ſich dem
202 382 897 443 Dienſte der Gemeinen in Ebersdorf
200 430 910 489 u. Neudietendorf widmete. Nachdem
203 485 916 539 am leztern Orte im Sept. 1771 ſeine
199 530 928 589 l. Frau vom Hld heimberufen worden,
207 584 872 641 führte ihm im Nov. 1773 die gute
207 629 923 693 Hand des Herrn wieder eine Gehülfin
196 683 914 736 an der nun hinterlaſſenen l. Witwe
199 728 917 792 Anna Chriſtiane Helene geb. Seidliz
204 788 930 844 zu, mit welcher er in Barby zur h. Ehe
198 835 924 888 verbunden wurde. Sie lebten Kindver–
198 892 909 941 gnügt miteinander, u. was wir zu
207 929 918 992 ſingen pflegen: Du unſer Friedens⸗
205 981 927 1035 König, Du, dem wir unterthänig, be-
207 1029 932 1092 reite dieſe Leut uns allen zu Exem⸗
212 1080 932 1141 peln, dem heilgen Geiſt zu Tempeln,
205 1126 920 1189 dem Vater zur Vergnüglichkeit"- das
209 1176 922 1239 ſahe man in ihrer Ehe. Doch unſerm
212 1227 939 1286 Herrn gebührt allein die Ehr; was wä-
211 1275 927 1337 ren wir doch, wenn kein Jeſus wär!
844 1319 924 1374 Das
