1000 1611
750 132 807 201 169.
98 200 764 256 ne gehen ſolte, heftig widerſtanden
102 248 769 306 hatte, vor ſein Bett, u. ſagte: Nun
101 301 800 357 iſt mirs ausgemacht, daß ich zur Brr.
101 344 812 413 Gemeine gehen ſoll: ich werde mich auf⸗
95 398 814 460 machen, u. mit der Poſt nach Marien⸗
100 443 783 509 born abreiſen. Dieſes war unſerm
98 495 809 559 ſel. Bruder was unerwartetes, er ſahe
97 550 786 611 es für das gewünſchte Zeichen an, u.
97 599 782 670 machte ſich gleich mit auf zur Reiſe
94 648 793 717 nach Marienborn. Es war am 2 Nov.
103 701 800 765 1743, als ihm der Herr die Gewißheit
102 750 804 815 ſchenkte von ſeinem Gnadenberuf zur
101 804 786 864 Brüdergemeine, u. am 8 Nov. kam
95 852 762 911 er in Marienborn an. Die Loſung
94 895 804 967 an jenem Tage hieß: "Nicht fürs Volk
94 947 807 1015 allein (Joh. 11, 23.) ſondern holt durchs
96 991 812 1074 Löſegeld die mit Seinem Blut getauf⸗
94 1047 802 1118 ten u. bezahlten u. gekauften Erſt⸗
95 1098 793 1167 linge aus aller Welt." Und die Los.
94 1146 805 1218 an lezterm Tage hieß: "Er hub ſeine
102 1208 803 1268 Hände auf, u. ſegnete ſie. Luc, 24,50.
100 1253 810 1322 Deine theuren Hände ſegnen u. weihen
88 1304 809 1377 aller Erden Ende, die nun Deine ſeyn."
731 1369 775 1429 Er
