1000 1612
200 101 249 169 16.
224 187 941 254 ſo ſehnlich erwünſchte Augenblick trat
215 242 886 301 dann auch um 1½ Uhr ein, da ſie
215 287 933 352 mit dem Segen ihres Chores ſanft u.
220 334 940 410 ſelig entſchlief im 25tn Jahr ihres Alters.
222 410 896 470 3.) Der Witwer Ludwig Dietrich
232 462 932 531 Mayer (in Neusalze) war geboren
215 521 885 579 d. 6 Nov, 1701 in der Reichsſtadt
218 565 940 636 Ulm, woſelbst sein Vater Kaufman̅
214 626 925 681 war. Ao 1732 trat er mit ſeiner
218 671 923 740 sel. Frau Dor. Magd. Marg. Schmutz
212 725 918 791 aus Nürnberg in die Ehe. Nach ei⸗
206 777 922 847 niger Zeit wurde er um seine Se⸗
205 828 926 903 ligkeit beküm̅ert, u. ſuchte Gemein⸗
207 884 926 949 ſchaft mit erweckten Seelen. Seine
202 935 907 1001 Frau konte dieſes nicht faſſen, und
199 986 926 1052 war ſehr verlegen; verbot auch dem
211 1040 871 1101 Br. Kaſtenhuber, der damals in
206 1086 913 1158 Ulm war, den Zutritt in ihr Haus;
201 1149 897 1209 und als er von dort abreiſte, ging
201 1202 920 1264 ſie in die Kirche, u. legte zum Be-
191 1243 919 1309 weis ihrer Dankbarkeit 8 gl. in den
208 1296 911 1370 Opferstock. Unser ſel. Bruder ließ
801 1356 867 1408 ſich
