1000 1612
172 128 243 187 50.
202 185 910 255 Amhl. Ao 1753 trat er zum erſten⸗
212 242 914 299 u. a. 1781 zum andern mal in die Ehe.
220 282 910 351 Er hatte den Heiland zärtlich lieb, und was
219 333 914 408 sein Herz voll war, das ging auch sein Mund fleiſſig
216 385 908 446 über. Etliche u. 20 Jahre lang war er ein treuer
216 433 899 497 und activer Nationalhelfer, u. bewies ſich
215 484 900 548 willig u. pünktlich, ſo oft ihm etwas
220 539 915 593 zu thun aufgetragen wurde. Seinen
215 577 919 643 Landsleuten die Gnade im Blute Jeſu
206 635 914 698 anzupreiſen war ihm eine Gnade. Bey
209 678 887 735 der Ueberſetzung der Harmonie der
210 726 910 784 4 Evangeliſten u. des Lehrbüchleins,
198 776 890 829 wie auch bey Verfertigung des neuen
202 823 891 888 Geſangbuchs, hat er nützliche Dienſte
208 879 926 936 geleiſtet; denn er hatte eine beſondere
207 929 930 990 Gabe, wenn er eine Sache recht gefaßt
211 979 896 1034 hatte, auch den dazu gehörigen Aus⸗
206 1028 894 1089 druck in ſeiner Sprache zu finden.
207 1075 909 1131 Sein Wandel war exemplariſch, und
203 1120 920 1174 Grönländer u. Europäer konten nicht
201 1161 917 1229 anders als ihm mit Achtung begegnen.
215 1210 922 1269 Ueber die Abweichungen einiger ſeiner
198 1258 883 1317 Mitgeſchwiſter war er ſehr betreten,
201 1305 920 1362 u. man mußte ihm zureden, den Muth
809 1349 896 1414 nicht
