1000 1610
715 104 775 158 179.
66 168 787 240 ſich aber dieſe Böhmen größentheils nach
59 228 791 292 Berlin gewendet, zogen verſchiedene Brü⸗
67 271 799 338 der von Herrnhaag u. andern Orten nach
70 313 802 388 Niesky; und dieſer Ort bekam〚er〛in der
77 368 797 438 Zeit, da unſer l. Br. v. Lüdecke Orts⸗
68 429 813 492 Herr war, einen nicht geringen Anwachs;
69 481 813 535 wie er dann auch im J. 1754 das Recht
74 526 811 596 erhielt, einen eignen Evangeliſchen Pre-
67 584 775 647 diger zu haben. Er konte ſich zwar
75 629 798 698 in der Zeit ſeines Beſitzes von Trebus,
77 686 800 746 um anderer Geſchäfte willen, nicht im⸗
83 736 794 796 mer in Niesky aufhalten; er ließ ſich
77 787 805 846 aber das Beſtehen u. die Aufnahme die⸗
82 838 796 898 ſer Gemeine im̅er am Herzen liegen:
79 883 783 948 und daß ihm dieſelbe viel, sehr viel
90 938 791 1000 zu danken hat, iſt denjenigen wohl⸗
83 987 803 1046 bekannt, die um die damaligen Um⸗
82 1041 762 1101 ſtände genau wiſſen. Er hat auch
88 1094 822 1150 vom Jahr 1772 bis 75 dieſer Gemei-
84 1142 831 1199 ne als Gemeinhelfer mit vieler Treue
85 1191 817 1253 gedient. Jm J. 1753 kaufte er von
87 1233 830 1305 der Gräfin Kosbothz, ehemaliger Gräfin
93 1291 814 1357 v. Promniz, das Gut Neu⸗Dietendorf
