<?xml version="1.0" encoding="utf-8"?>
<pc:PcGts xmlns:pc="http://schema.primaresearch.org/PAGE/gts/pagecontent/2019-07-15" xmlns:xsi="http://www.w3.org/2001/XMLSchema-instance" xsi:schemaLocation="http://schema.primaresearch.org/PAGE/gts/pagecontent/2019-07-15 http://schema.primaresearch.org/PAGE/gts/pagecontent/2019-07-15/pagecontent.xsd" pcGtsId="GT-OCR-GN_1788_5__GN.A.250__175_f42ee">
  <pc:Metadata externalRef="https://images.iiif.slub-dresden.de/iiif/2/data%2Fkitodo%2FNachaudeB_1789537789_1788_5%2FNachaudeB_1789537789_1788_5_tif%2Fjpegs%2F00000176.tif.medium.jpg/full/full/0/default.jpg">
    <pc:Creator>escriptorium</pc:Creator>
    <pc:Created>2024-01-26T15:02:55.194596Z</pc:Created>
    <pc:LastChange>2024-01-26T15:02:55.194614Z</pc:LastChange>
    <pc:MetadataItem type="processingStep" name="recognition/post-correction" value="ocrd-cor-asv-ann-join">
      <pc:Labels externalModel="ocrd-tool" externalId="parameters">
        <pc:Label value="False" type="add-filegrp-comments"/>
      </pc:Labels>
      <pc:Labels externalModel="ocrd-tool" externalId="version">
        <pc:Label value="0.1.14" type="ocrd-cor-asv-ann-join"/>
        <pc:Label value="2.60.2.dev0+gac1f15b3.d20240125" type="ocrd/core"/>
      </pc:Labels>
    </pc:MetadataItem>
  </pc:Metadata>
  <pc:Page imageFilename="175_f42ee_default.jpg" imageWidth="1000" imageHeight="1611">
    <pc:TextRegion id="eSc_textblock_7712966b" custom="structure {type:text;}">
      <pc:Coords points="278,132 285,188 304,196 885,204 931,236 939,274 910,515 931,676 914,966 928,1013 924,1187 903,1278 914,1373 896,1398 829,1398 785,1366 207,1338 196,1327 182,1202 200,679 200,136 230,125"/>
      <pc:TextLine id="eSc_line_e6db5bff" custom="structure {type:default;}">
        <pc:Coords points="273,135 261,128 254,128 245,127 222,127 218,128 208,132 208,157 206,188 277,189 280,160 279,159"/>
        <pc:Baseline points="208,157 280,160"/>
        <pc:TextEquiv index="0">
          <pc:Unicode>172.</pc:Unicode>
        </pc:TextEquiv>
        <pc:TextEquiv conf="1." index="1">
          <pc:Unicode>172.</pc:Unicode>
        </pc:TextEquiv>
      </pc:TextLine>
      <pc:TextLine id="eSc_line_45e0dea2" custom="structure {type:default;}">
        <pc:Coords points="208,232 208,246 298,241 307,247 308,247 309,247 310,247 311,247 316,247 348,241 429,247 455,249 456,249 457,249 458,249 460,247 469,242 581,242 632,249 644,250 645,250 646,250 649,249 660,244 677,249 678,249 679,249 680,249 683,249 723,243 741,249 743,250 743,250 744,251 786,251 786,250 787,250 788,250 801,243 831,250 833,250 834,251 902,251 903,236 903,217 871,205 871,205 851,205 850,205 849,205 824,215 821,216 805,216 803,215 789,205 788,205 787,205 728,205 727,205 726,205 726,205 716,213 710,217 686,217 677,213 664,207 663,207 662,207 661,207 650,213 641,217 596,212 595,212 594,212 585,216 541,216 530,210 521,204 520,204 480,204 479,204 478,204 478,204 472,209 462,217 437,217 428,211 427,211 427,211 426,211 393,216 371,207 370,207 369,207 368,207 342,215 267,215 259,208 258,208 257,208 256,208 256,208 241,214 208,204 208,232"/>
        <pc:Baseline points="208,232 601,230 903,236"/>
        <pc:TextEquiv index="0">
          <pc:Unicode>von ganz munterm u. freudigen Ge⸗</pc:Unicode>
        </pc:TextEquiv>
        <pc:TextEquiv conf="0.9997" index="1">
          <pc:Unicode>von ganz munterm u. freudigen Ge⸗</pc:Unicode>
        </pc:TextEquiv>
      </pc:TextLine>
      <pc:TextLine id="eSc_line_7089d598" custom="structure {type:default;}">
        <pc:Coords points="202,278 201,298 244,298 245,298 246,298 248,298 263,291 285,298 290,298 291,298 292,298 309,297 384,289 429,289 447,296 458,299 459,299 460,299 461,299 461,299 467,296 478,290 564,290 597,291 601,295 609,300 610,300 611,300 612,300 692,299 692,299 705,294 709,291 712,294 721,300 722,300 723,300 817,301 818,301 819,301 851,293 880,298 880,298 929,291 930,281 930,243 915,242 914,242 914,242 912,243 884,258 731,255 717,247 709,241 708,241 707,241 649,241 648,241 647,241 646,241 637,248 635,249 634,248 624,241 623,241 623,241 622,241 588,247 578,243 577,243 576,243 575,243 564,249 555,254 548,249 531,241 530,241 475,241 474,241 444,247 431,240 430,240 429,240 389,247 369,241 368,241 367,241 367,241 366,241 346,254 345,254 319,239 318,239 317,239 316,239 284,255 282,256 202,256 202,278"/>
        <pc:Baseline points="202,278 930,281"/>
        <pc:TextEquiv index="0">
          <pc:Unicode>müthe fand, hörte alles ihm geſagte mit</pc:Unicode>
        </pc:TextEquiv>
        <pc:TextEquiv conf="0.9904" index="1">
          <pc:Unicode>müthe fand, hörte alles ihm geſagte mit</pc:Unicode>
        </pc:TextEquiv>
      </pc:TextLine>
      <pc:TextLine id="eSc_line_d7af9298" custom="structure {type:default;}">
        <pc:Coords points="208,331 208,346 239,340 247,346 247,346 248,346 249,346 253,346 305,340 367,340 380,344 384,346 384,346 385,346 403,344 432,341 444,344 455,346 456,346 457,346 466,344 482,340 496,343 506,346 507,346 508,347 570,347 570,346 571,346 572,346 576,342 581,340 682,340 685,341 695,345 696,345 697,345 698,345 709,341 710,340 711,341 717,346 718,346 719,346 720,346 789,340 793,340 802,346 803,346 803,346 804,347 835,347 835,346 836,346 853,340 854,340 912,340 913,328 913,304 889,297 888,297 888,297 887,297 873,304 869,306 846,306 841,303 821,292 820,292 820,292 819,292 818,292 803,303 799,306 763,306 758,303 735,295 735,295 734,295 733,295 717,303 710,306 618,306 613,302 598,290 597,290 596,290 535,290 534,290 533,290 512,297 478,290 478,290 449,297 442,290 441,290 440,290 295,290 294,290 293,290 292,290 275,301 267,306 242,301 223,298 222,298 208,300 208,331"/>
        <pc:Baseline points="208,331 326,327 913,328"/>
        <pc:TextEquiv index="0">
          <pc:Unicode>großer Beſcheidenheit an, und gab mir</pc:Unicode>
        </pc:TextEquiv>
        <pc:TextEquiv conf="0.9889" index="1">
          <pc:Unicode>großer Beſcheidenheit an, und gab mir</pc:Unicode>
        </pc:TextEquiv>
      </pc:TextLine>
      <pc:TextLine id="eSc_line_40dc2146" custom="structure {type:default;}">
        <pc:Coords points="207,376 207,396 273,388 294,396 303,399 304,399 437,402 438,402 439,402 462,394 476,390 509,393 552,399 553,399 554,399 566,393 573,390 660,390 665,392 679,403 680,403 681,403 682,404 730,404 730,403 784,395 807,399 808,399 809,399 834,391 835,391 837,391 891,397 892,397 893,397 907,390 908,380 907,359 822,359 820,358 800,344 799,344 798,344 768,342 767,342 766,342 744,349 722,343 721,343 720,343 719,343 696,355 690,358 649,358 643,353 632,345 631,345 630,345 629,345 628,345 610,353 599,358 578,358 567,352 548,340 547,340 547,340 546,340 416,347 361,347 347,340 346,340 345,340 344,340 343,340 333,347 321,357 279,357 260,346 248,340 247,340 247,340 207,344 207,376"/>
        <pc:Baseline points="207,376 908,380"/>
        <pc:TextEquiv index="0">
          <pc:Unicode>darauf dieſe Antwort u. Erklärung:</pc:Unicode>
        </pc:TextEquiv>
        <pc:TextEquiv conf="0.9821" index="1">
          <pc:Unicode>darauf dieſe Antwort u. Erklärung:</pc:Unicode>
        </pc:TextEquiv>
      </pc:TextLine>
      <pc:TextLine id="eSc_line_efbd659c" custom="structure {type:default;}">
        <pc:Coords points="217,427 216,439 251,440 264,449 265,449 266,449 267,450 390,450 390,449 391,449 392,449 401,442 402,441 418,442 484,448 485,448 486,448 504,443 510,449 511,449 512,449 512,449 595,447 596,447 602,444 609,442 658,445 720,450 721,450 722,450 730,446 741,442 756,442 763,446 766,449 767,449 768,449 769,449 769,449 770,449 772,447 775,444 781,447 787,449 788,449 789,449 801,447 830,442 847,448 854,450 854,450 855,450 907,448 908,429 906,405 891,406 888,404 874,393 873,393 872,393 838,393 837,393 837,393 836,393 820,403 804,412 633,412 608,399 598,393 597,393 596,393 595,393 578,398 564,402 557,398 550,392 549,392 548,392 508,392 507,392 506,392 493,397 476,401 464,396 456,392 455,392 454,392 453,392 445,395 415,409 367,410 324,393 321,392 320,392 319,392 314,393 284,399 276,392 275,392 274,392 217,392 217,427"/>
        <pc:Baseline points="217,427 908,429"/>
        <pc:TextEquiv index="0">
          <pc:Unicode>Er ſey von Kindheit an ein in allen</pc:Unicode>
        </pc:TextEquiv>
        <pc:TextEquiv conf="0.9877" index="1">
          <pc:Unicode>Er ſey von Kindheit an ein in allen</pc:Unicode>
        </pc:TextEquiv>
      </pc:TextLine>
      <pc:TextLine id="eSc_line_96f15cfe" custom="structure {type:default;}">
        <pc:Coords points="209,480 209,494 225,492 230,494 236,500 237,500 238,500 267,501 268,501 293,495 300,494 344,494 350,495 385,502 386,502 438,502 438,502 439,502 453,495 485,502 486,502 487,502 503,495 514,491 571,495 606,498 607,498 632,495 665,492 682,492 688,495 700,502 701,502 702,503 752,503 752,502 752,502 766,495 769,494 773,495 796,502 797,502 798,502 830,495 849,492 892,495 894,483 893,463 746,463 745,462 721,445 720,445 719,445 625,444 624,444 507,447 506,447 505,447 490,459 447,450 446,450 445,450 406,461 398,456 397,456 396,456 395,456 394,456 393,456 386,461 384,461 357,457 356,457 319,460 295,443 294,443 293,443 292,443 291,443 290,443 266,461 209,461 209,480"/>
        <pc:Baseline points="209,480 572,478 894,483"/>
        <pc:TextEquiv index="0">
          <pc:Unicode>Lüſten erzogenes Weltkind geweſen,</pc:Unicode>
        </pc:TextEquiv>
        <pc:TextEquiv conf="0.9866" index="1">
          <pc:Unicode>Lüſten erzogenes Weltkind geweſen,</pc:Unicode>
        </pc:TextEquiv>
      </pc:TextLine>
      <pc:TextLine id="eSc_line_f7e75bb3" custom="structure {type:default;}">
        <pc:Coords points="203,528 203,541 246,553 247,553 247,554 292,554 292,553 293,553 304,548 356,548 357,548 358,548 358,548 368,541 387,550 388,550 444,552 445,552 446,552 471,540 472,540 552,540 553,540 588,552 589,552 589,553 628,553 628,552 629,552 656,543 682,543 689,549 690,549 691,549 692,549 722,546 727,551 728,551 729,551 730,551 773,545 793,551 794,551 794,551 795,551 830,539 831,539 889,539 890,526 888,502 838,502 837,502 816,492 815,492 814,492 813,492 812,492 798,502 797,503 796,502 783,492 782,492 781,492 762,492 761,492 760,492 760,492 743,502 739,505 718,505 715,502 703,494 702,494 701,494 606,493 606,493 605,493 581,503 577,506 473,506 469,503 441,493 440,493 439,493 438,493 412,504 407,506 397,504 350,494 349,494 320,498 272,495 271,495 270,495 251,504 247,506 202,505 203,528"/>
        <pc:Baseline points="203,528 890,526"/>
        <pc:TextEquiv index="0">
          <pc:Unicode>welches bey heranwachſenden Jahren</pc:Unicode>
        </pc:TextEquiv>
        <pc:TextEquiv conf="0.9803" index="1">
          <pc:Unicode>welches bey heranwachſenden Jahren</pc:Unicode>
        </pc:TextEquiv>
      </pc:TextLine>
      <pc:TextLine id="eSc_line_92057b65" custom="structure {type:default;}">
        <pc:Coords points="202,578 202,590 239,590 274,600 275,600 276,600 387,599 388,599 389,599 400,590 427,600 428,600 429,600 477,594 504,600 505,600 506,600 543,590 585,600 586,601 621,601 621,600 622,600 641,590 654,596 655,596 656,596 692,590 708,598 709,598 709,598 710,598 726,592 739,600 740,600 741,600 742,601 776,601 776,600 777,600 798,590 887,590 888,577 886,558 862,558 860,558 836,543 835,543 834,543 833,543 777,544 777,544 776,544 758,558 757,559 697,559 696,558 661,543 660,543 633,543 632,543 632,543 631,543 616,554 579,543 578,543 523,543 522,543 521,543 490,558 489,558 425,545 424,545 423,545 395,558 367,543 366,543 365,543 332,547 321,543 320,543 319,543 298,545 297,545 270,558 202,558 202,578"/>
        <pc:Baseline points="202,578 605,582 888,577"/>
        <pc:TextEquiv index="0">
          <pc:Unicode>in allerhand grobe Sünden verfallen</pc:Unicode>
        </pc:TextEquiv>
        <pc:TextEquiv conf="0.9808" index="1">
          <pc:Unicode>in allerhand grobe Sünden verfallen</pc:Unicode>
        </pc:TextEquiv>
      </pc:TextLine>
      <pc:TextLine id="eSc_line_4efb1cea" custom="structure {type:default;}">
        <pc:Coords points="212,625 211,647 316,648 317,648 318,648 325,647 346,640 358,646 364,648 365,648 366,649 422,649 422,648 423,648 429,645 445,637 470,645 484,649 485,649 486,649 487,649 497,644 511,638 576,638 590,643 606,649 606,649 607,649 646,648 647,648 648,648 658,642 670,649 671,649 707,650 708,650 709,650 730,641 737,639 910,639 912,628 912,595 880,595 879,595 878,595 877,595 860,608 831,608 815,596 814,595 813,595 812,595 784,595 783,595 782,595 776,596 739,607 721,599 720,599 719,599 686,605 661,598 654,596 653,596 652,596 651,596 645,598 626,605 599,599 598,599 597,599 596,599 581,604 570,599 555,594 555,594 534,594 533,594 532,594 521,600 509,607 466,607 454,601 436,593 435,593 405,593 404,593 403,593 385,603 379,605 350,605 347,603 333,593 333,593 332,593 286,593 285,593 284,593 283,593 265,605 263,605 212,605 212,625"/>
        <pc:Baseline points="212,625 912,628"/>
        <pc:TextEquiv index="0">
          <pc:Unicode>u. ſelber ſich ergeben, ohne jemals mit</pc:Unicode>
        </pc:TextEquiv>
        <pc:TextEquiv conf="0.9622" index="1">
          <pc:Unicode>u. ſelber ſich ergeben, ohne jemals mit</pc:Unicode>
        </pc:TextEquiv>
      </pc:TextLine>
      <pc:TextLine id="eSc_line_20b3333d" custom="structure {type:default;}">
        <pc:Coords points="208,678 208,690 258,689 263,690 278,698 279,698 280,698 311,690 320,689 339,690 408,698 409,698 410,698 410,698 420,690 435,690 464,689 467,690 478,698 479,698 480,698 481,698 512,690 549,698 550,698 592,690 593,690 595,690 680,697 681,697 682,697 698,689 699,689 715,698 716,698 717,698 717,698 748,689 749,689 750,689 769,698 769,698 770,698 853,698 853,698 854,698 871,691 906,693 907,693 908,693 924,688 924,678 924,645 864,643 863,643 863,643 856,645 846,647 821,645 803,643 803,643 802,643 801,643 798,645 779,659 700,659 676,646 671,643 670,643 669,643 668,643 658,646 627,654 605,646 597,643 596,643 595,643 594,643 593,643 589,646 572,659 494,659 477,647 473,644 472,644 471,644 421,644 420,644 419,644 413,647 392,659 340,659 324,647 318,643 317,643 316,643 316,643 315,643 304,647 284,656 265,647 254,643 253,643 252,643 208,647 208,678"/>
        <pc:Baseline points="208,678 924,678"/>
        <pc:TextEquiv index="0">
          <pc:Unicode>Ernſt an Gott zu gedenken, u. ſich ſeine</pc:Unicode>
        </pc:TextEquiv>
        <pc:TextEquiv conf="0.9889" index="1">
          <pc:Unicode>Ernſt an Gott zu gedenken, u. ſich ſeine</pc:Unicode>
        </pc:TextEquiv>
      </pc:TextLine>
      <pc:TextLine id="eSc_line_cc909fed" custom="structure {type:default;}">
        <pc:Coords points="205,731 204,741 222,744 223,744 224,744 230,741 236,739 252,741 277,747 278,747 279,747 290,741 297,740 346,741 396,744 397,744 398,744 399,744 401,741 407,739 461,739 467,741 476,748 477,748 478,748 557,749 558,750 607,750 607,749 608,749 628,741 635,740 674,740 678,741 692,749 692,749 693,749 694,749 717,741 726,740 764,740 768,741 775,749 776,749 777,749 777,750 794,750 794,749 794,749 795,749 803,741 805,741 822,741 825,741 835,749 836,749 837,749 837,749 838,749 853,741 857,740 871,741 873,733 872,710 861,710 860,709 834,693 833,693 832,693 831,693 815,694 814,694 813,694 803,702 762,696 761,696 760,696 741,706 735,709 729,706 707,693 706,693 705,693 704,693 703,693 690,705 684,709 670,709 658,704 637,693 636,693 570,693 569,693 568,693 553,700 537,709 395,709 378,704 377,704 376,704 376,704 357,708 313,694 307,692 307,692 306,692 305,692 299,694 267,703 255,692 254,692 253,692 205,691 205,731"/>
        <pc:Baseline points="205,731 580,729 873,733"/>
        <pc:TextEquiv index="0">
          <pc:Unicode>Sünden reuen zu laſſen. Jn dieſem</pc:Unicode>
        </pc:TextEquiv>
        <pc:TextEquiv conf="0.9931" index="1">
          <pc:Unicode>Sünden reuen zu laſſen. Jn dieſem</pc:Unicode>
        </pc:TextEquiv>
      </pc:TextLine>
      <pc:TextLine id="eSc_line_e443e727" custom="structure {type:default;}">
        <pc:Coords points="213,780 213,798 238,792 244,798 245,798 246,798 287,799 288,799 289,799 291,798 328,785 371,798 379,800 380,800 381,801 419,801 419,800 420,800 425,798 444,787 478,786 506,786 522,796 523,796 524,796 525,796 526,796 546,787 597,792 598,792 700,788 714,796 723,802 724,802 725,802 726,802 797,798 805,801 806,801 807,801 808,801 824,796 837,792 846,796 861,803 862,803 863,803 920,795 921,787 921,764 896,764 894,763 859,746 858,746 755,745 754,745 753,745 752,745 735,758 729,762 718,762 695,757 692,756 692,756 691,756 690,756 689,756 679,761 456,760 418,758 406,748 405,748 404,748 403,748 402,748 401,748 393,753 381,746 371,741 370,741 336,741 335,741 334,741 324,745 303,752 287,743 283,741 282,741 213,741 213,780"/>
        <pc:Baseline points="213,780 415,777 760,780 921,787"/>
        <pc:TextEquiv index="0">
          <pc:Unicode>Zuſtande ſey er von mir nach Halle ge⸗</pc:Unicode>
        </pc:TextEquiv>
        <pc:TextEquiv conf="0.9984" index="1">
          <pc:Unicode>Zuſtande ſey er von mir nach Halle ge⸗</pc:Unicode>
        </pc:TextEquiv>
      </pc:TextLine>
      <pc:TextLine id="eSc_line_047d3018" custom="structure {type:default;}">
        <pc:Coords points="208,825 207,832 260,845 261,846 302,846 302,845 303,845 304,845 321,835 322,834 337,835 349,835 361,846 362,846 363,846 364,847 400,847 400,846 401,846 422,839 432,847 433,847 434,847 435,848 463,848 463,847 464,847 465,847 477,837 480,835 498,838 516,840 517,840 556,839 612,837 617,840 625,845 626,845 627,845 628,845 629,845 641,841 650,837 696,837 707,842 726,850 726,850 727,851 753,851 753,850 754,850 755,850 764,843 769,839 776,843 788,850 789,850 820,851 820,851 821,851 846,844 868,839 911,845 913,834 913,802 900,793 899,793 898,793 897,793 897,793 896,793 880,804 877,806 861,806 858,804 846,793 845,793 844,793 823,793 822,793 821,793 798,803 795,804 793,803 769,792 768,792 767,792 766,792 742,802 738,804 735,802 718,792 717,792 717,792 716,792 690,796 667,792 666,792 666,792 665,792 656,799 647,792 646,792 645,792 644,792 643,792 622,799 614,792 613,792 612,792 574,791 573,791 572,791 555,801 550,802 484,802 477,800 453,792 452,792 411,791 410,791 410,791 392,799 387,801 342,801 336,798 313,788 312,788 293,788 292,788 291,788 270,797 264,800 259,797 241,788 240,788 239,788 239,788 208,796 208,825"/>
        <pc:Baseline points="208,825 779,829 913,834"/>
        <pc:TextEquiv index="0">
          <pc:Unicode>bracht, woſelbſt er durch das ſchlechte Ex⸗</pc:Unicode>
        </pc:TextEquiv>
        <pc:TextEquiv conf="0.9765" index="1">
          <pc:Unicode>bracht, woſelbſt er durch das ſchlechte Ex⸗</pc:Unicode>
        </pc:TextEquiv>
      </pc:TextLine>
      <pc:TextLine id="eSc_line_636738df" custom="structure {type:default;}">
        <pc:Coords points="200,873 199,885 289,889 290,889 304,887 326,884 350,888 365,891 366,891 367,891 374,888 385,885 457,885 470,891 475,893 476,893 477,893 478,893 482,891 487,888 535,892 571,895 572,895 587,893 626,888 641,894 645,895 646,895 683,896 684,896 694,895 729,890 752,896 752,896 753,896 754,896 758,896 820,892 829,898 829,898 830,898 831,898 835,898 865,894 872,899 873,899 874,899 875,900 908,900 909,886 909,867 871,851 870,851 850,850 824,850 823,850 822,850 787,864 723,863 709,854 709,854 708,854 707,854 706,854 675,863 627,863 596,846 595,846 548,845 547,845 547,845 546,845 530,855 514,844 513,844 512,844 478,844 477,844 476,844 455,852 420,843 419,843 418,843 382,859 359,859 346,859 346,858 326,842 325,842 324,842 315,842 314,842 313,842 278,856 200,856 200,873"/>
        <pc:Baseline points="200,873 697,879 909,886"/>
        <pc:TextEquiv index="0">
          <pc:Unicode>empel u. die Verführung ſeiner Mit-</pc:Unicode>
        </pc:TextEquiv>
        <pc:TextEquiv conf="0.994" index="1">
          <pc:Unicode>empel u. die Verführung ſeiner Mit-</pc:Unicode>
        </pc:TextEquiv>
      </pc:TextLine>
      <pc:TextLine id="eSc_line_21e55a4e" custom="structure {type:default;}">
        <pc:Coords points="200,922 199,939 251,940 252,940 256,939 284,933 305,933 313,939 313,940 314,940 315,940 316,940 316,940 318,939 343,932 427,932 439,939 439,940 440,940 441,940 442,940 443,940 444,940 444,939 452,934 458,937 459,937 460,937 461,937 482,933 490,939 493,942 494,942 495,942 495,942 512,939 542,935 549,939 553,943 554,943 555,943 555,943 608,941 609,941 610,941 612,939 622,934 648,939 651,940 652,940 657,939 681,935 697,939 709,944 710,944 711,944 712,944 722,939 726,938 730,939 738,943 739,943 740,943 741,943 752,939 759,938 775,939 807,943 808,943 900,939 901,928 901,909 870,893 869,893 783,892 782,892 781,892 753,905 749,908 624,906 620,903 602,891 601,891 600,891 599,891 598,891 581,897 568,891 567,891 566,891 528,895 504,890 503,890 502,890 476,900 459,906 406,901 405,901 404,901 403,901 395,906 333,906 316,896 301,888 300,888 271,888 270,888 269,888 268,888 259,895 250,888 249,888 248,888 247,888 200,894 200,922"/>
        <pc:Baseline points="200,922 901,928"/>
        <pc:TextEquiv index="0">
          <pc:Unicode>ſchüler nur noch  tiefer in die Sünden</pc:Unicode>
        </pc:TextEquiv>
        <pc:TextEquiv conf="0.9882" index="1">
          <pc:Unicode>ſchüler nur noch tiefer in die Sünden</pc:Unicode>
        </pc:TextEquiv>
      </pc:TextLine>
      <pc:TextLine id="eSc_line_49e814e9" custom="structure {type:default;}">
        <pc:Coords points="202,973 201,991 285,992 286,992 295,990 312,987 316,990 319,992 320,992 321,992 322,993 359,993 359,992 360,992 361,992 365,989 376,982 426,982 435,988 438,992 439,992 440,992 441,993 459,993 459,992 460,992 461,992 466,988 471,985 489,988 504,990 505,990 506,990 512,988 522,982 548,982 578,987 601,990 602,990 627,986 631,986 632,986 649,991 650,991 651,991 652,991 674,986 680,984 683,986 698,993 699,993 700,993 726,988 769,993 770,993 771,993 772,993 785,984 786,983 796,984 841,988 842,988 895,982 896,975 895,954 858,954 857,954 832,938 831,938 830,938 829,938 829,938 812,944 756,938 755,938 754,938 753,938 737,950 713,953 685,950 669,939 668,939 667,939 666,939 666,939 640,954 616,938 615,938 615,938 614,938 567,945 549,937 548,937 512,937 512,937 511,937 484,949 468,938 467,938 466,938 465,938 464,938 463,938 441,953 440,954 349,954 348,953 320,937 319,937 318,937 317,937 290,946 265,937 264,937 264,937 263,937 235,953 234,953 202,953 202,973"/>
        <pc:Baseline points="202,973 896,975"/>
        <pc:TextEquiv index="0">
          <pc:Unicode>gefallen, u. Gottes Worte nebſt den</pc:Unicode>
        </pc:TextEquiv>
        <pc:TextEquiv conf="0.9807" index="1">
          <pc:Unicode>gefallen, u. Gottes Worte nebſt den</pc:Unicode>
        </pc:TextEquiv>
      </pc:TextLine>
      <pc:TextLine id="eSc_line_91b8cf9c" custom="structure {type:default;}">
        <pc:Coords points="918,988 867,988 866,988 865,988 864,988 841,1005 800,1005 763,989 762,989 761,989 760,989 760,989 759,989 739,1003 700,1004 680,990 676,988 675,988 675,988 658,988 658,988 657,988 656,988 651,991 642,997 635,991 631,987 630,987 629,987 598,987 598,987 597,987 585,991 579,994 563,992 529,987 528,987 527,987 515,992 494,1003 390,1003 378,994 368,986 367,986 367,986 366,986 324,994 290,1001 267,995 234,985 233,985 232,985 231,985 199,995 199,1021 198,1031 212,1038 213,1038 213,1038 301,1034 343,1041 344,1041 345,1041 374,1033 376,1033 376,1033 405,1041 406,1041 407,1042 456,1042 456,1041 484,1036 496,1033 521,1036 549,1039 550,1039 551,1039 552,1039 555,1037 561,1033 584,1033 628,1033 636,1039 642,1043 643,1043 644,1043 645,1043 675,1039 718,1034 846,1043 869,1044 870,1044 871,1044 871,1044 872,1043 886,1035 917,1044 920,1025 920,992 918,988"/>
        <pc:Baseline points="199,1021 920,1025"/>
        <pc:TextEquiv index="0">
          <pc:Unicode>Vermahnungen der Jnformatoren kei⸗</pc:Unicode>
        </pc:TextEquiv>
        <pc:TextEquiv conf="0.9885" index="1">
          <pc:Unicode>Vermahnungen der Jnformatoren kei⸗</pc:Unicode>
        </pc:TextEquiv>
      </pc:TextLine>
      <pc:TextLine id="eSc_line_248eea43" custom="structure {type:default;}">
        <pc:Coords points="194,1072 193,1083 248,1083 254,1085 273,1093 273,1093 274,1093 310,1089 436,1095 437,1095 438,1095 439,1095 453,1087 455,1085 506,1084 514,1087 538,1096 538,1096 539,1096 540,1096 563,1091 574,1095 575,1095 576,1095 577,1095 598,1088 603,1086 608,1088 625,1094 626,1094 627,1094 628,1094 643,1088 647,1087 692,1087 699,1089 717,1093 717,1093 718,1093 719,1093 728,1089 732,1087 743,1089 762,1092 763,1092 796,1089 812,1088 815,1090 824,1094 825,1094 826,1094 827,1094 837,1090 838,1089 839,1090 852,1099 853,1099 854,1099 854,1099 912,1090 913,1078 912,1044 885,1044 884,1044 883,1044 847,1061 730,1060 713,1047 708,1042 707,1042 706,1042 672,1042 671,1042 670,1042 669,1042 662,1048 645,1059 630,1059 612,1048 602,1041 601,1041 600,1041 587,1040 570,1040 569,1040 568,1040 551,1049 536,1056 521,1056 512,1049 496,1039 495,1039 495,1039 463,1039 462,1039 461,1039 429,1051 415,1056 404,1051 375,1039 374,1039 373,1039 372,1039 350,1047 338,1038 337,1038 336,1038 299,1038 298,1038 297,1038 265,1053 262,1055 259,1053 248,1048 247,1048 247,1048 246,1048 236,1054 234,1055 194,1055 194,1072"/>
        <pc:Baseline points="194,1072 626,1080 913,1078"/>
        <pc:TextEquiv index="0">
          <pc:Unicode>nen Platz gegeben, bis er bey einer ihm</pc:Unicode>
        </pc:TextEquiv>
        <pc:TextEquiv conf="0.9752" index="1">
          <pc:Unicode>nen Platz gegeben, bis er bey einer ihm</pc:Unicode>
        </pc:TextEquiv>
      </pc:TextLine>
      <pc:TextLine id="eSc_line_bb3b299f" custom="structure {type:default;}">
        <pc:Coords points="198,1121 197,1131 218,1140 219,1140 220,1140 221,1140 240,1133 279,1133 293,1143 294,1143 295,1143 296,1143 297,1143 323,1136 353,1139 354,1139 355,1139 356,1139 364,1133 388,1133 404,1142 405,1142 406,1142 407,1142 408,1142 414,1139 422,1144 423,1144 424,1144 475,1145 476,1146 518,1146 518,1145 519,1145 538,1137 555,1143 556,1143 557,1143 558,1143 574,1139 588,1142 589,1142 589,1142 627,1135 686,1143 687,1143 688,1143 712,1136 748,1147 749,1147 750,1147 788,1138 797,1142 798,1142 799,1142 830,1136 846,1142 847,1142 848,1142 885,1135 886,1126 884,1108 848,1108 847,1108 827,1091 826,1091 825,1091 802,1091 801,1091 800,1091 799,1091 792,1097 744,1091 743,1091 743,1091 742,1091 718,1106 716,1107 681,1106 659,1094 658,1094 658,1094 611,1104 590,1090 589,1090 589,1090 519,1090 518,1090 517,1090 481,1103 475,1106 399,1106 394,1101 378,1089 377,1089 376,1089 376,1089 375,1089 341,1100 325,1088 324,1088 324,1088 323,1088 297,1091 296,1091 281,1100 273,1104 244,1099 216,1096 215,1096 198,1099 198,1121"/>
        <pc:Baseline points="198,1121 510,1128 886,1126"/>
        <pc:TextEquiv index="0">
          <pc:Unicode>von Gott zugeſchickten Krankheit in</pc:Unicode>
        </pc:TextEquiv>
        <pc:TextEquiv conf="0.9604" index="1">
          <pc:Unicode>von Gott zugeſchickten Krankheit in</pc:Unicode>
        </pc:TextEquiv>
      </pc:TextLine>
      <pc:TextLine id="eSc_line_f82157d2" custom="structure {type:default;}">
        <pc:Coords points="204,1177 203,1196 283,1197 284,1197 285,1197 288,1196 306,1186 315,1191 316,1191 316,1191 348,1187 359,1195 362,1198 363,1198 364,1198 365,1199 448,1199 448,1198 449,1198 457,1194 468,1190 479,1194 489,1199 490,1199 491,1200 512,1200 512,1199 513,1199 514,1199 521,1194 532,1188 557,1188 568,1193 578,1200 579,1200 580,1200 581,1200 610,1193 632,1189 658,1191 662,1193 672,1200 673,1200 674,1200 675,1200 675,1200 692,1193 700,1190 774,1190 777,1193 788,1201 789,1201 790,1201 805,1201 806,1201 807,1201 826,1192 829,1191 836,1192 874,1198 875,1198 915,1191 916,1180 914,1142 802,1148 777,1142 775,1141 774,1141 773,1141 772,1141 771,1141 771,1142 736,1162 688,1162 625,1161 607,1152 606,1152 606,1152 605,1152 604,1152 593,1160 573,1155 572,1155 572,1155 571,1155 556,1159 543,1153 542,1153 541,1153 540,1153 528,1160 461,1160 421,1158 409,1150 408,1150 407,1150 406,1150 405,1150 387,1157 354,1142 345,1137 344,1137 226,1136 225,1136 224,1136 223,1136 216,1142 213,1143 204,1142 204,1177"/>
        <pc:Baseline points="204,1177 278,1175 916,1180"/>
        <pc:TextEquiv index="0">
          <pc:Unicode>ſich ſelber gegangen, ſein ſündliches Le-</pc:Unicode>
        </pc:TextEquiv>
        <pc:TextEquiv conf="0.9881" index="1">
          <pc:Unicode>ſich ſelber gegangen, ſein ſündliches Le-</pc:Unicode>
        </pc:TextEquiv>
      </pc:TextLine>
      <pc:TextLine id="eSc_line_dacee452" custom="structure {type:default;}">
        <pc:Coords points="193,1225 192,1239 205,1244 205,1244 206,1244 207,1244 208,1244 216,1238 223,1235 247,1238 261,1240 262,1240 263,1240 264,1240 266,1238 273,1234 290,1238 290,1238 291,1238 292,1238 293,1238 294,1238 307,1234 353,1238 386,1241 387,1241 408,1238 430,1235 437,1238 444,1241 445,1241 446,1241 447,1241 458,1238 470,1235 482,1237 500,1243 501,1243 502,1243 503,1243 517,1237 523,1235 527,1237 542,1247 543,1247 544,1247 578,1248 579,1248 580,1248 606,1237 609,1236 631,1236 636,1237 679,1249 680,1249 794,1250 795,1250 796,1250 833,1237 851,1244 852,1244 853,1244 886,1236 887,1229 886,1208 849,1210 844,1206 819,1191 818,1191 817,1191 816,1191 815,1191 814,1191 796,1201 773,1192 772,1192 747,1191 746,1191 745,1191 744,1191 735,1197 725,1190 724,1190 723,1190 688,1190 687,1190 686,1190 673,1197 653,1190 652,1190 612,1190 611,1190 610,1190 589,1197 573,1189 572,1189 539,1189 538,1189 538,1189 537,1189 530,1194 523,1189 522,1189 521,1189 521,1189 520,1189 499,1198 478,1208 453,1201 452,1201 452,1201 451,1201 450,1201 440,1207 269,1207 227,1192 222,1191 222,1191 221,1191 193,1191 193,1225"/>
        <pc:Baseline points="193,1225 887,1229"/>
        <pc:TextEquiv index="0">
          <pc:Unicode>ben, u. wie er dabey künftig fahren</pc:Unicode>
        </pc:TextEquiv>
        <pc:TextEquiv conf="0.9878" index="1">
          <pc:Unicode>ben, u. wie er dabey künftig fahren</pc:Unicode>
        </pc:TextEquiv>
      </pc:TextLine>
      <pc:TextLine id="eSc_line_d2933d11" custom="structure {type:default;}">
        <pc:Coords points="198,1276 197,1283 213,1292 214,1292 215,1292 250,1286 268,1296 269,1296 270,1296 271,1296 272,1296 297,1286 327,1298 328,1298 329,1298 382,1287 436,1293 437,1293 438,1293 439,1293 444,1288 458,1298 459,1298 460,1298 461,1298 461,1298 487,1288 527,1288 552,1299 553,1299 554,1299 590,1291 618,1293 630,1302 631,1302 632,1302 632,1302 633,1302 634,1302 647,1295 683,1295 709,1304 710,1304 769,1305 770,1305 771,1305 808,1295 820,1301 821,1301 822,1301 823,1301 841,1295 871,1301 872,1301 873,1301 874,1301 886,1293 887,1287 886,1264 794,1267 785,1263 777,1260 777,1260 776,1260 775,1260 767,1262 759,1267 716,1267 703,1262 692,1259 692,1259 691,1259 690,1259 689,1259 684,1262 680,1265 612,1265 603,1261 564,1249 564,1249 474,1247 450,1247 449,1247 448,1247 405,1260 402,1261 401,1260 389,1255 388,1255 387,1255 367,1256 357,1248 357,1247 356,1247 355,1247 298,1244 297,1244 296,1244 263,1259 235,1252 234,1252 233,1252 198,1258 198,1276"/>
        <pc:Baseline points="198,1276 424,1276 592,1283 887,1287"/>
        <pc:TextEquiv index="0">
          <pc:Unicode>würde, in reife Erwägung gezogen,</pc:Unicode>
        </pc:TextEquiv>
        <pc:TextEquiv conf="0.9527" index="1">
          <pc:Unicode>würde, in reife Erwägung gezogen,</pc:Unicode>
        </pc:TextEquiv>
      </pc:TextLine>
      <pc:TextLine id="eSc_line_06ae4134" custom="structure {type:default;}">
        <pc:Coords points="204,1321 203,1333 263,1333 274,1336 299,1344 300,1344 301,1344 302,1344 321,1338 329,1335 346,1338 355,1339 356,1339 363,1338 378,1336 385,1339 393,1342 393,1342 394,1342 412,1339 421,1338 424,1340 435,1350 436,1350 437,1350 438,1350 439,1350 460,1341 468,1338 488,1338 494,1342 504,1349 504,1349 505,1349 506,1349 507,1349 527,1343 532,1341 567,1344 575,1344 583,1351 584,1351 585,1351 586,1351 587,1351 603,1345 605,1344 609,1345 680,1361 819,1363 820,1363 820,1363 849,1351 859,1346 882,1351 884,1336 884,1312 864,1298 863,1298 863,1298 830,1297 829,1297 829,1297 828,1297 809,1312 803,1316 764,1316 756,1311 755,1310 754,1310 753,1310 752,1310 740,1311 726,1312 725,1311 707,1295 706,1295 705,1295 517,1290 516,1290 515,1290 501,1296 460,1291 459,1291 458,1291 415,1306 410,1307 318,1306 316,1304 296,1296 295,1296 294,1296 293,1296 274,1304 204,1304 204,1321"/>
        <pc:Baseline points="204,1321 480,1326 682,1335 884,1336"/>
        <pc:TextEquiv index="0">
          <pc:Unicode>u. einen ernſtlichen Vorſatz gefaßt,</pc:Unicode>
        </pc:TextEquiv>
        <pc:TextEquiv conf="0.9436" index="1">
          <pc:Unicode>u. einen ernſtlichen Vorſatz gefaßt,</pc:Unicode>
        </pc:TextEquiv>
      </pc:TextLine>
      <pc:TextLine id="eSc_line_c0375f55" custom="structure {type:default;}">
        <pc:Coords points="846,1375 846,1395 861,1401 862,1401 863,1401 894,1397 894,1375 893,1338 846,1342 846,1375"/>
        <pc:Baseline points="846,1375 894,1375"/>
        <pc:TextEquiv index="0">
          <pc:Unicode>sich</pc:Unicode>
        </pc:TextEquiv>
        <pc:TextEquiv conf="0.9413" index="1">
          <pc:Unicode>ſich</pc:Unicode>
        </pc:TextEquiv>
      </pc:TextLine>
    </pc:TextRegion>
    <pc:TextRegion id="eSc_textblock_95a36c4c" custom="structure {type:text;}">
      <pc:Coords points="42,1585 39,1585 39,1582 41,1582"/>
    </pc:TextRegion>
  </pc:Page>
</pc:PcGts>
