1000 1611
187 118 259 186 34.
214 188 890 250 aber iſt noch das geringſte an mir,
213 233 931 296 das nicht dein eigen iſt, ſo ſchwem̅e es
212 282 886 349 weg mit deinem Verſöhnungsblute.
216 328 936 397 O könte ich dich nur noch viel zärtlicher
213 378 923 443 lieben u. an dir hangen! Jch werde
213 425 910 485 als eine große Schuldnerin zu dir
218 474 914 531 kom̅en. Reichen Troſt wirſt Du mir
218 518 920 588 geben, ſo oft ich Tröſtung nöthig hab:
213 567 928 633 in den lezten Augenblicken wirſt du
213 618 936 684 den lezten Troſt mir ſchicken, die lezte
220 668 897 731 Thrän' treugſt Du mir ab. Und ach!
218 720 900 785 dann ſeh ich dich, du Märtyrer für
218 769 925 835 mich! O der Freuden! Wenn ich fort⸗
216 824 933 886 an bey dir ſeyn kan, da geht der ewge
217 872 910 933 Sabbath an. Schönſtes Licht, das die
227 920 928 991 Todesnacht durchbricht: du ſollſt mei⸗
218 973 926 1038 nem Herzen funkeln, wenn die Sinnen
221 1030 906 1085 hier vergehn, wenn die Augen hier
213 1074 884 1133 verdunkeln, wird das Marterlam̅
215 1126 912 1190 dort vor mir ſtehn, ich werds ſehn,
222 1184 916 1243 ach wie ſchön!" Am 25 Merz 1787
216 1230 900 1289 wurde ſie ſo ſchwach, daß ihr Ende
217 1280 906 1347 nahe zu ſeyn ſchien; ſie erholte ſich
786 1326 903 1374 zwar
