1000 1610
96 189 777 250 ob ich dann auch Vergebung meiner
102 238 792 298 Sünden hätte? Jch antwortete, daß
101 289 808 347 ich mir keiner Sünde bewußt wäre, u.
103 334 813 399 nicht glaubte, daß der Herr Jeſus um
93 392 807 449 meinetwegen so jäm̅erlich hätte leiden
93 435 776 499 müſſen, ich dächte zu Seinem Tode
93 482 807 549 nichts beygetragen zu haben. Dieſe
97 536 768 604 Erklärung that ich gleichwohl unter
96 586 793 650 vielen Thränen , nur wußte ich nicht,
94 641 815 700 warum ich weinen mußte. Jch wur-
91 689 821 754 de von dieser Krankheit wieder herge-
92 738 812 806 ſtellt, blieb aber noch lange ſchwächlich.
97 795 793 855 Einmal, als unſre Arbeiterin (wie
93 847 829 913 es alle Woche geſchah) eine Unterredung
91 899 828 966 mit uns gehalten hatte, ſagte ſie zum
101 953 821 1013 Schluß derſelben: Wer von euch Freu-
93 1007 810 1071 digkeit hat vor Gott zu treten, der
94 1067 780 1117 kom̅e, u. bete mit mir an; aber
91 1117 826 1174 nicht anders als von ganzem Herzen,
89 1168 837 1234 denn Gott ist gegenwärtig! Ich dachte
89 1228 832 1295 in Gesellschaft auch mit zu gehen, allein
92 1277 824 1367 ſie ſagte zu mir: Und du willſt auch
724 110 804 183 25.
