1000 1611
739 125 801 184 47.
85 181 811 247 dann will ich mich bekehren. Vom 14tn
77 231 817 296 bis zum 17tn war Br. Fliegel zum Beſuch
76 287 812 346 in Karoſuk, wo es ihm aber jezt nicht
80 334 824 398 ſo gefiel wie das erſtemal, weil es den
76 383 757 453 daſigen Geſchwiſtern an Liebe fehlt.
79 441 810 497 Mehr Freude hatte er in Kellingar-
84 484 784 548 ſuk, wo er in den folgenden Tagen
85 539 760 605 beſuchte. D. 2 April kamen Geſchw.
81 591 799 656 Möhnes mit ihren Kindern von ihrem
81 645 819 718 auswärtigen Poſten, zu unſrer herzlichen
82 698 815 758 Freude, munter u. wohl bey uns an.
108 751 822 812 Zur Feyer der Chorwoche u. des Oſter⸗
87 806 812 870 feſtes fanden ſich die auswärtigen Ge⸗
87 860 780 929 ſchwiſter hübſch zahlreich ein, ſo daß
83 922 774 974 es in den hieſigen wenigen Häuſern
82 961 813 1034 an Platz fehlte. Zwey Schweſtern gelang-
83 1013 801 1085 ten zum erſtmaligen Genuß des heiℓ.
93 1112 803 1168 Gemeine mit Trompeten, Violinen u.
88 1152 815 1218 Geſang geweckt, worauf die gewöhnlichen
85 1210 815 1265 Verſamlungen gehalten wurden. Un⸗
84 1245 817 1320 ter andern war eine begnadigte Tauf⸗
96 1305 826 1371 handlung von 3 Erwachſenen u. einem
65 1049 814 1123 Amhls. Am Oſtermorgen wurde die
