1000 1612
205 108 271 173 30.
223 174 875 247 land, u. nahm mich mit. In Barby
222 225 933 290 wurde mir die erfreuliche Nachricht ge⸗
219 270 931 342 bracht, daß ich meine Plätzchen im Herrn⸗
224 323 927 385 hutischen Chorhause wieder einnehmen
217 371 922 431 könte. An meinem Geburtstag d. 26tn
212 420 922 483 Jul. traf ich wieder in Hhut ein, u.
213 471 921 533 ließ den Freudenthränen ihren Lauf,
210 523 924 591 daß ich mich wieder so gut aufgehoben
215 575 920 644 ſahe. Solt ich nun nicht frölich ſeyn,
215 621 922 694 ich beglücktes Schäfelein; denn nach die⸗
211 676 928 745 ſen schönen Tagen werd ich endlich heim⸗
207 729 930 799 getragen in des Hirten Arm u. Schoos,
211 780 827 848 Amen, ja mein Glück iſt groß."
310 832 711 892 So weit ſie ſelbſt.
206 874 917 941 Es war in dem ganzen Gang unſrer
208 917 931 991 ſel. Schweſter unveränderlich wahrzu⸗
199 972 892 1028 nehmen, daß ſie durch Gnade einen
206 1025 881 1075 veſten Grund des Glaubens an die
203 1063 905 1137 blutige Versöhnung Jesu Christi in
202 1135 881 1187 ihrem Herzen hatte, u. einen Troſt,
204 1180 913 1244 der ihr nie entwich, auch nicht in de⸗
202 1224 858 1286 nen Stunden, wenn ſie über ihre
207 1269 909 1353 Mängel u. Zurückbleiben oft schmerz⸗
810 1337 878 1403 lich
