1000 1611
197 126 244 167 192
285 191 891 257 3.) Aus dem Berichte der Geſchw.
323 241 866 298 Ebers von ihren Beſuchen im
328 298 879 364 Schleswig⸗Holſteiniſchen 1787.
219 353 689 417 III. Von Labrador.
269 417 910 473 Aus dem diario von Nain vom
286 469 828 531 Sept. 1786 bis Aug. 1787.
312 596 674 658 I. Lebensläufe.
230 660 914 723 1.) Die led. Schw. Sophie Tugendreich
237 709 936 778 Kurſchken (in Herrnhut) hat folgende
241 760 833 820 Nachricht von ſich hinterlaſſen:
236 809 897 870 "Jch bin geboren d. 20 Jul. 1728 in
230 854 931 917 Herrnhut, wo mein Vater in Dienſten
222 905 930 965 bey der seℓ. Frau Gräfin v. Zinzen⸗
227 946 931 1017 dorf war. Meine Eltern lieſſen ſichs
228 1005 915 1068 ſehr angelegen ſeyn, mich für den Hld
228 1052 937 1117 zu erziehen, u. ich wurde nach damaliger
225 1104 818 1162 Erkenntnis ſehr ſtreng gehalten.
229 1143 931 1211 Ao 1734 ging mein Vater ſelig aus der
232 1188 929 1255 Zeit. Zwey Tage vor ſeinem Ende bat
229 1241 924 1299 er mich mit Thränen, den Heiland doch
227 1290 927 1366 recht lieb zu haben, u. Jhm u. der Ge-
786 1353 921 1391 meine
778 1581 783 1610 .
