1000 1611
174 109 220 156 10.
194 176 904 239 Mädchen aufgenom̅en; ich erneuerte
194 222 907 282 dabey meinen Bund mit dem l. Hld,
189 275 907 339 u. bat Ihn um ein treues und aufrich-
189 322 914 391 tiges Herz, weil ich merkte, daß es mir
193 383 892 443 ſehr daran fehlte. D. 14 Jan. 1776
185 434 899 497 wurde ich in die Gemeine aufgenom⸗
187 485 888 547 men, u. d. 12 Oct. gelangte ich zum
196 531 912 602 h. Amahl. Ich ging darauf einen kind-
185 586 915 655 lich vergnügten Gang bis ins folgend
186 638 910 710 Jahr, da ich eine tiefe Feindſchaft gegen
185 695 873 758 den Hld bey mir gewahr wurde, u.
194 750 875 816 zugleich auch meinen Unglauben ſo
196 805 850 870 zu fühlen bekam, daß ich in große
179 857 906 927 Noth gerieth. Es währte lange, ehe ichs
181 909 882 978 wagte, ſo ſchlecht wie ich mich fühlte,
189 961 882 1031 zum Hld zu nahen; aber Er ruhete
181 1012 892 1085 nicht, bis Er mich wieder an ſich zie-
193 1067 905 1133 hen, mich trösten u. ſeiner Gnade ver-
187 1118 883 1185 ſichern konte. Ich wurde auch ſonst
182 1172 896 1235 mancherley verderbte Neigungen bey
181 1225 891 1291 mir gewahr, die ich nie gedacht hätte
185 1280 865 1342 bey mir zu finden; ſonderlich war
778 1333 867 1375 mir
