1000 1611
742 121 818 159 173.
94 191 812 253 ſich zu beßern. Dabey ſey er auch auf der
92 242 819 298 Univerſität beharrt, u. habe in allen
86 286 816 357 durch ein ſtrenges Leben, fleißiges Beten,
89 335 819 411 Kopfhängen u. ſauer ſehen die Halliſchem
88 387 804 458 ſo genannten Pietiſten imitirt; aber da⸗
87 437 811 503 bey eine beſtändige Luſt zur Sünde, un-
87 493 769 550 ruhiges Gewiſſen u. Betrübnis über
86 541 817 605 ſeine begangene Sünden gefühlt, bis er
93 593 795 655 Gelegenheit gehabt mit einigen ſo ge⸗
85 649 804 703 nannten Herrnhutern oder Brüdern aus
90 698 811 751 ihrer Gemeine, bekannt zu werden, die
89 741 811 807 ihn auf das Verdienſt Jeſu Chriſti ge-
82 799 769 856 wieſen, u. ihn ermuntert, ſolches im
89 842 798 906 Glauben zu ergreifen, u. nebſt Verge⸗
94 887 776 957 bung ſeiner Sünde ſich deßen Gnade
92 942 816 1010 auszubitten. Dieſes hätte er gethan, u.
98 994 811 1065 ſich hernach nicht enthalten können zu
92 1063 817 1116 der Brüdergemeine zu gehen, u. mit
98 1103 820 1164 ihr Gott zu loben. Er empfinde dabey
86 1157 820 1216 eine ſolche vollkom̅ene Ruhe der Seelen
96 1205 780 1270 u. Freudigkeit des Gemüths, daß er
96 1258 760 1317 ſolche mit allen Gütern der Welt
89 1303 815 1379 nicht vertauſchen wolte. Es kom̅e alſo
