1000 1612
759 120 774 178 17.
80 181 807 247 sich nicht hindern, mit den so genan̅⸗
79 232 761 303 ten Herrnhutern Bekanntſchaft zu
76 288 809 353 machen, wodurch die Verlegenheit ſei-
80 346 808 403 ner Frau im̅er größer wurde; den̅
83 397 805 462 ſie glaubte, er hätte eine andere Re⸗
86 458 800 514 ligion angenommen. Als nun a. 1743
84 514 809 565 die Brr. Friedr. v. Watteville u. Ludw.
89 558 803 622 v. Marschall durch Ulm reiſten, u. in
90 610 779 678 des ſe#. Bruders Hauſe besuchten; ſo
88 668 815 732 glaubte ſie, dieſelben wären gekom̅en,
88 722 810 790 ihren Mann zu einem Proſelysten zu
85 780 801 848 machen, u. ihn fortzuführen, welches
94 840 797 900 ihr keine geringe Angſt verurſachte.
97 891 762 951 Als aber der Br. v. Watteville ihr
97 941 822 1010 ſagte, der Grund, worauf die Brüder-
97 1003 830 1070 Gemeine ſtehe, ſey Chriſtus u. Sein Blut,
97 1057 806 1118 ſo ging ihr ein anders Licht auf, u.
95 1110 794 1174 ſie dachte: Auf dieſen Grund mußt
94 1161 840 1226 du auch ſtehen, wenn du ſelig werden
94 1209 836 1273 willſt. Von der Zeit an verwandelte
108 1262 812 1326 sich ihre Widrigkeit in Zutrauen u.
108 1320 810 1384 Liebe gegen die Brüder; u. als ihr
