1000 1611
724 119 791 173 27.
93 179 791 256 fühlt, ſo lange ich lebe, unvergeßlich
82 236 783 307 bleiben;u. ich muß ſagen, ſo oft ich
84 286 757 360 dieſes hohe Gut ſeitdem genoßen,
86 339 804 417 hat sich allemal das damals gehabte
96 391 821 468 ſelige Gefühl bey mir wieder erneuert.
122 448 818 517 Ao 1742 wurde ich zur Aufſicht bey
94 510 812 572 den Kindern mit angeſtellt, u.
95 553 812 625 brachte meine Zeit ſehr vergnügt bey
99 607 812 679 ihnen. Ao 1743 wurde ich zur Akolu-
94 669 794 733 thir angenommen u. als Arbeiterin
95 714 833 784 der größeren Mädchen angestellt. Dieſe
100 776 816 841 Gnade beugte u. beſchämte mich gar
100 843 825 900 sehr, weil ich mich für viel zu unver-
100 892 797 951 mögend kannte, es diente mir aber
101 940 794 1005 auch dazu, daß ich mich selbst imer
102 990 828 1054 beßer kennen lernte. Ao 1745 erhielt
102 1040 820 1104 ich einen Ruf in die [Kind] Mädchen⸗
102 1095 804 1160 Anſtalt nach Amſterdam, u. zog ao
104 1145 811 1213 1747 mit derſelben nach Zeiſt. Jn
104 1197 808 1262 dieſem Jahr wurde ich auch ins led.
108 1249 812 1312 Schweſternchor aufgenommen. Weil
112 1295 828 1372 ich imer ſehr kränklich war, ſo wurde
