1000 1611
744 121 805 165 21.
97 188 815 250 gen andrer mit Geduld tragen, u. dar⸗
91 238 793 303 um gern vergeben muß, weil ihm ſo
95 292 814 348 viel vergeben iſt. Vor etwa andert⸗
99 343 807 406 halb Jahren fing er ſelbſt an zu mer-
94 392 808 459 ken, daß ſeine Kräfte geſchwächt wa⸗
97 450 820 503 ren, u. es war ihm daher lieb, daß er
94 494 817 556 ganz zur Ruhe geſezt wurde. Ein ziem⸗
95 547 822 613 lich ſtarker Schlagfluß, der ihn auf eine
94 599 818 667 kurze Zeit aller Empfindung beraubte,
102 658 775 713 von dem er ſich aber wieder erholte;
108 703 785 763 ſchien der Vorbote von ſeinem Ende
104 754 779 818 zu ſein. Und ſo ſahe er auch ſelbſt
100 805 782 868 dieſen Umſtand an. Er äuſſerte oft,
100 861 809 919 daß er nun nicht mehr \lange/ leben werde;
98 904 802 977 er ſey auch bereit als ein verſöhnter
102 958 812 1025 Sünder in die Ewigkeit überzugehen,
101 1008 798 1083 Chriſti Blut u. Gerechtigkeit ſey der
98 1069 794 1130 einzige Grund ſeines Glaubens, u.
100 1119 806 1177 damit hoffe er allein vor Gott zu
102 1166 800 1232 beſtehen, nur dieſes bitte er ſich vom
140 1223 814 1289 Hld zur Gnade aus, daß Er ihn mit
98 1279 779 1330 einem langwierigen Krankenlager
100 1320 802 1386 verſchonen möchte. Und dieſer Wunſch
