1000 1611
190 128 246 195 28.
215 190 890 258 ich a. 1749 abgelöset, u. kam auf
218 245 899 309 dem Herrhaag ins Mädchenhaus,
213 294 924 358 mit welcher Anstalt ich dann a. 1750
213 345 915 411 im Sept. nach Groß-Hennersdorf u.
212 397 924 461 1751 im Merz nach Hhut. zog, u. dar-
208 451 912 508 inn verblieb bis ins J. 1766. Jn
212 494 923 566 dieser Zeit nahm mich der h. Geist im
210 553 881 609 eine gesegnete Schule, darinn ich
207 605 912 658 mich viel gründlicher kennen lernte.
219 651 928 716 Schon oftmals hatte ich ein großes Ver-
205 718 929 758 langen gehabt, auch einmal in einem
202 760 914 813 Chorhause zu wohnen u. a. 1766 wi-
199 809 914 868 derfuhr mir dieses Glück, da ich am
207 860 916 913 25. Aug. mit vielen Freuden einzog.
212 898 905 957 Für die darin in reichem Maaße
205 946 925 1009 genossene Gnade werde ich Zeitlebens
208 1001 902 1059 dankbar ſeyn. Ao 1776 bekam ich
205 1051 907 1111 einen Ruf nach Liefland ins Haus
202 1103 911 1163 des H. Landraths v. Ungern Stern-
205 1152 899 1216 berg. Dieser Antrag fiel mir in
200 1204 919 1270 aller Absicht überaus schwer, u. nur
203 1254 921 1312 die Ueberzeugung von dem Wil-
207 1299 931 1372 len des Heilandes konte den Entschluß
770 1364 889 1410 dazu
