<?xml version="1.0" encoding="utf-8"?>
<pc:PcGts xmlns:pc="http://schema.primaresearch.org/PAGE/gts/pagecontent/2019-07-15" xmlns:xsi="http://www.w3.org/2001/XMLSchema-instance" xsi:schemaLocation="http://schema.primaresearch.org/PAGE/gts/pagecontent/2019-07-15 http://schema.primaresearch.org/PAGE/gts/pagecontent/2019-07-15/pagecontent.xsd" pcGtsId="GT-OCR-GN_1788_5__GN.A.250__41_70e28">
  <pc:Metadata externalRef="https://images.iiif.slub-dresden.de/iiif/2/data%2Fkitodo%2FNachaudeB_1789537789_1788_5%2FNachaudeB_1789537789_1788_5_tif%2Fjpegs%2F00000042.tif.medium.jpg/full/full/0/default.jpg">
    <pc:Creator>escriptorium</pc:Creator>
    <pc:Created>2024-01-26T15:02:52.508632Z</pc:Created>
    <pc:LastChange>2024-01-26T15:02:52.508642Z</pc:LastChange>
    <pc:MetadataItem type="processingStep" name="recognition/post-correction" value="ocrd-cor-asv-ann-join">
      <pc:Labels externalModel="ocrd-tool" externalId="parameters">
        <pc:Label value="False" type="add-filegrp-comments"/>
      </pc:Labels>
      <pc:Labels externalModel="ocrd-tool" externalId="version">
        <pc:Label value="0.1.14" type="ocrd-cor-asv-ann-join"/>
        <pc:Label value="2.60.2.dev0+gac1f15b3.d20240125" type="ocrd/core"/>
      </pc:Labels>
    </pc:MetadataItem>
  </pc:Metadata>
  <pc:Page imageFilename="41_70e28_default.jpg" imageWidth="1000" imageHeight="1611">
    <pc:TextRegion id="eSc_textblock_66845a80" custom="structure {type:text;}">
      <pc:Coords points="239,118 261,164 300,175 849,179 896,193 924,311 942,816 928,898 935,1119 924,1259 935,1316 924,1352 789,1363 688,1330 193,1327 200,300 193,204 171,135 188,110"/>
      <pc:TextLine id="eSc_line_1990ee63" custom="structure {type:default;}">
        <pc:Coords points="234,117 225,115 216,114 207,112 198,111 197,110 185,114 180,119 180,146 180,182 197,182 197,181 198,181 199,181 204,179 219,170 239,173 239,146 239,122 234,117"/>
        <pc:Baseline points="180,146 239,146"/>
        <pc:TextEquiv index="0">
          <pc:Unicode>38.</pc:Unicode>
        </pc:TextEquiv>
        <pc:TextEquiv conf="0.9997" index="1">
          <pc:Unicode>38.</pc:Unicode>
        </pc:TextEquiv>
      </pc:TextLine>
      <pc:TextLine id="eSc_line_6923f915" custom="structure {type:default;}">
        <pc:Coords points="885,189 876,187 867,185 861,182 856,185 855,185 834,179 831,179 826,179 819,185 808,192 794,192 780,184 769,179 769,179 760,179 751,179 742,179 733,178 724,178 715,178 706,178 700,178 700,178 699,178 698,178 692,183 691,183 686,183 655,180 654,180 653,180 649,182 644,185 639,182 633,180 632,180 632,180 622,182 581,192 538,192 521,181 517,179 516,179 515,179 514,179 513,179 505,180 469,192 404,192 394,184 393,184 393,184 346,179 329,178 328,178 327,178 324,179 303,190 264,191 247,178 247,178 246,178 205,178 205,216 205,229 260,227 282,230 316,234 317,234 354,230 379,227 396,230 418,234 419,234 439,230 456,227 463,230 470,234 471,234 472,235 518,235 518,234 519,234 532,230 547,227 583,230 614,234 615,234 615,234 626,231 641,227 658,231 668,234 669,234 670,234 671,234 677,231 684,228 693,231 699,233 700,233 700,233 732,231 807,227 832,232 839,233 840,233 849,232 880,227 888,232 891,216 891,191 885,189"/>
        <pc:Baseline points="205,216 891,216"/>
        <pc:TextEquiv index="0">
          <pc:Unicode>Karoſuk war ihm auch unter den</pc:Unicode>
        </pc:TextEquiv>
        <pc:TextEquiv conf="0.9892" index="1">
          <pc:Unicode>Karoſuk war ihm auch unter den</pc:Unicode>
        </pc:TextEquiv>
      </pc:TextLine>
      <pc:TextLine id="eSc_line_6f8cc4f0" custom="structure {type:default;}">
        <pc:Coords points="216,257 217,282 235,275 244,282 245,283 246,283 247,283 247,284 277,284 277,283 278,283 280,282 290,279 297,282 298,282 299,282 299,282 300,282 311,275 329,282 330,282 331,282 333,282 392,274 461,282 477,284 478,284 492,282 547,275 567,282 572,284 572,284 573,285 611,285 611,284 612,284 617,282 642,275 694,281 695,281 760,276 770,282 774,285 775,285 776,285 777,286 804,286 804,285 805,285 806,285 809,282 815,279 821,282 826,285 827,285 828,285 829,285 838,282 864,276 889,282 892,262 891,241 847,227 846,227 846,227 808,233 777,227 777,227 776,227 751,237 712,229 711,229 681,236 675,237 670,235 651,229 650,229 649,229 649,229 627,234 606,239 592,233 589,232 589,232 588,232 587,232 585,233 580,236 559,232 520,226 519,226 518,226 508,231 492,239 403,239 385,228 381,225 380,225 379,225 328,225 327,225 326,225 321,226 302,231 298,227 297,227 296,227 295,227 294,227 268,238 246,225 245,225 244,225 216,224 216,257"/>
        <pc:Baseline points="216,257 506,265 892,262"/>
        <pc:TextEquiv index="0">
          <pc:Unicode>Geſchwiſtern recht wohl. An beyden</pc:Unicode>
        </pc:TextEquiv>
        <pc:TextEquiv conf="0.9735" index="1">
          <pc:Unicode>Geſchwiſtern recht wohl. An beyden</pc:Unicode>
        </pc:TextEquiv>
      </pc:TextLine>
      <pc:TextLine id="eSc_line_bc567c35" custom="structure {type:default;}">
        <pc:Coords points="209,312 208,320 257,327 258,327 313,323 346,329 347,329 393,328 393,328 406,323 407,323 539,323 546,324 563,331 564,331 564,332 633,332 633,331 634,331 645,326 649,324 650,326 657,331 658,331 658,331 659,332 725,332 725,331 726,331 739,327 750,324 914,329 916,315 915,292 846,292 845,291 830,280 829,280 829,280 828,280 827,280 803,286 774,278 773,278 772,278 745,284 727,279 726,279 726,279 725,279 706,289 703,290 698,289 653,277 652,277 625,277 624,277 623,277 601,288 595,290 589,288 562,276 561,276 560,276 559,276 526,287 517,290 460,290 454,286 443,276 442,276 441,276 412,276 411,276 410,276 410,276 400,282 373,275 372,275 371,275 370,275 348,284 337,289 321,289 312,284 295,275 294,275 293,275 263,281 237,275 236,275 235,275 234,275 222,283 221,284 209,283 209,312"/>
        <pc:Baseline points="209,312 916,315"/>
        <pc:TextEquiv index="0">
          <pc:Unicode>Orten hielt er etliche Verſam̅lungen,</pc:Unicode>
        </pc:TextEquiv>
        <pc:TextEquiv conf="0.9938" index="1">
          <pc:Unicode>Orten hielt er etliche Verſam̅lungen,</pc:Unicode>
        </pc:TextEquiv>
      </pc:TextLine>
      <pc:TextLine id="eSc_line_0c08416d" custom="structure {type:default;}">
        <pc:Coords points="205,373 243,377 244,377 245,377 256,373 257,373 259,373 272,378 273,378 273,378 274,378 292,374 320,386 321,386 322,387 351,387 351,386 352,386 375,375 394,384 395,384 396,384 397,384 421,373 426,371 449,373 480,375 481,375 482,375 489,373 493,372 505,373 508,373 526,387 527,387 528,387 529,388 601,388 601,387 602,387 623,379 659,387 660,387 661,387 662,387 672,380 701,382 702,382 703,382 728,373 771,384 772,384 773,384 774,384 775,384 794,373 817,379 818,379 819,380 819,379 820,379 842,373 869,386 870,386 871,386 871,386 872,386 892,374 912,372 913,363 912,330 897,330 897,330 896,330 895,330 878,343 770,344 760,340 760,340 759,340 724,344 707,332 706,332 705,332 683,329 676,329 610,329 609,329 608,329 606,329 594,334 554,331 553,331 552,331 551,331 543,337 524,334 523,334 522,334 511,340 478,329 476,329 475,329 474,329 473,329 471,329 459,334 445,329 442,328 441,328 406,328 405,328 404,328 403,328 401,329 395,333 390,329 389,328 388,328 387,328 363,328 362,328 361,328 358,329 333,343 225,343 208,329 206,360 205,373"/>
        <pc:Baseline points="206,360 913,363"/>
        <pc:TextEquiv index="0">
          <pc:Unicode>u. empfahl den Geſchwistern, ſich veſt</pc:Unicode>
        </pc:TextEquiv>
        <pc:TextEquiv conf="0.9893" index="1">
          <pc:Unicode>u. empfahl den Geſchwiſtern, ſich veſt</pc:Unicode>
        </pc:TextEquiv>
      </pc:TextLine>
      <pc:TextLine id="eSc_line_401f35fc" custom="structure {type:default;}">
        <pc:Coords points="210,425 295,421 310,426 312,426 313,426 314,426 315,426 316,426 326,421 337,426 339,427 340,427 341,427 341,427 344,426 358,422 367,426 376,432 377,432 378,433 411,433 411,432 412,432 421,427 434,421 454,427 457,428 458,428 459,428 463,427 497,421 510,428 515,432 516,432 517,432 518,433 555,433 555,432 555,432 556,432 561,428 566,426 577,429 588,432 589,432 589,433 630,433 630,432 631,432 636,429 644,426 673,430 688,432 689,432 701,430 758,421 804,421 917,432 919,412 917,381 875,377 874,377 873,377 865,381 834,395 726,395 710,392 698,382 692,377 691,377 690,377 689,377 657,383 649,383 644,383 626,377 625,377 624,377 623,377 623,377 615,383 599,394 540,392 527,383 518,377 517,377 516,377 502,377 501,377 500,377 499,377 489,383 482,388 475,383 461,377 461,377 370,377 369,377 368,377 354,384 340,392 331,389 330,389 329,389 328,389 317,394 281,389 280,389 245,394 210,386 210,410 210,425"/>
        <pc:Baseline points="210,410 466,410 629,415 919,412"/>
        <pc:TextEquiv index="0">
          <pc:Unicode>an den Heiland zu halten. Jn die⸗</pc:Unicode>
        </pc:TextEquiv>
        <pc:TextEquiv conf="0.9821" index="1">
          <pc:Unicode>an den Heiland zu halten. Jn die⸗</pc:Unicode>
        </pc:TextEquiv>
      </pc:TextLine>
      <pc:TextLine id="eSc_line_497cb822" custom="structure {type:default;}">
        <pc:Coords points="208,461 209,480 246,471 313,479 327,481 328,482 405,482 405,481 417,478 447,471 464,477 465,477 466,477 492,471 511,477 512,478 513,478 514,478 519,477 550,471 594,471 610,477 617,479 618,479 619,479 620,479 624,477 633,472 666,472 673,477 682,482 683,482 683,482 684,483 767,483 767,482 768,482 779,476 786,472 815,475 879,482 880,482 914,474 914,463 914,438 883,424 882,424 856,424 855,424 854,424 827,437 823,440 795,440 791,437 769,424 768,424 767,424 766,424 737,429 726,424 726,424 725,424 691,426 690,426 689,426 671,436 666,439 657,436 644,433 643,433 642,433 641,433 634,436 628,439 485,438 480,435 460,423 459,423 458,423 457,423 407,433 311,423 310,423 309,423 283,434 278,436 275,434 261,423 260,423 259,423 236,423 235,423 234,423 208,433 208,461"/>
        <pc:Baseline points="208,461 914,463"/>
        <pc:TextEquiv index="0">
          <pc:Unicode>ſem Monate waren wenig Grönlän⸗</pc:Unicode>
        </pc:TextEquiv>
        <pc:TextEquiv conf="0.9952" index="1">
          <pc:Unicode>ſem Monate waren wenig Grönlän⸗</pc:Unicode>
        </pc:TextEquiv>
      </pc:TextLine>
      <pc:TextLine id="eSc_line_88219f48" custom="structure {type:default;}">
        <pc:Coords points="201,522 261,522 264,523 282,531 283,531 284,531 319,523 324,522 326,523 339,528 340,528 341,528 363,523 368,522 374,523 401,531 402,531 403,532 529,532 529,531 529,531 530,531 539,524 540,524 541,524 564,528 564,528 581,524 589,522 596,524 614,530 615,530 615,530 654,525 666,523 682,525 744,531 745,531 746,531 759,525 762,523 768,525 785,531 786,531 786,532 809,532 809,531 810,531 811,531 819,525 822,522 828,525 833,528 834,528 835,528 879,525 880,511 878,479 842,479 841,479 840,479 839,479 820,494 796,480 795,480 794,480 794,480 793,480 768,497 757,497 735,479 735,479 734,479 718,479 717,479 717,479 668,497 407,497 384,496 351,479 350,479 287,479 286,479 285,479 266,487 241,479 240,479 201,479 201,509 201,522"/>
        <pc:Baseline points="201,509 384,513 880,511"/>
        <pc:TextEquiv index="0">
          <pc:Unicode>der hier auf unſerm Lande, weil</pc:Unicode>
        </pc:TextEquiv>
        <pc:TextEquiv conf="0.9999" index="1">
          <pc:Unicode>der hier auf unſerm Lande, weil</pc:Unicode>
        </pc:TextEquiv>
      </pc:TextLine>
      <pc:TextLine id="eSc_line_f9e8a07c" custom="structure {type:default;}">
        <pc:Coords points="205,561 205,581 228,573 269,573 289,580 301,585 302,585 303,585 336,579 366,575 391,579 426,585 427,586 514,586 514,585 515,585 516,585 525,579 563,585 564,585 589,584 589,584 590,584 601,576 607,572 696,572 707,575 746,584 747,584 748,584 766,576 785,575 802,583 803,583 803,583 804,583 823,573 826,572 862,572 863,572 889,583 890,583 891,583 892,583 924,571 924,559 923,522 837,522 836,522 835,522 831,524 805,534 781,525 775,522 774,522 773,522 772,522 762,525 734,534 709,526 697,522 696,522 640,522 639,522 638,522 617,528 614,528 611,528 597,525 596,525 595,525 582,528 562,536 518,536 504,530 482,523 481,523 480,523 479,523 465,531 457,536 409,536 400,532 376,525 375,525 374,525 373,525 353,533 349,535 343,533 308,524 307,524 307,524 306,524 283,535 282,535 278,535 225,530 224,530 223,530 204,536 205,561"/>
        <pc:Baseline points="205,561 924,559"/>
        <pc:TextEquiv index="0">
          <pc:Unicode>ſie bey dem ſchönen Wetter ihrer Nah-</pc:Unicode>
        </pc:TextEquiv>
        <pc:TextEquiv conf="0.9903" index="1">
          <pc:Unicode>ſie bey dem ſchönen Wetter ihrer Nah-</pc:Unicode>
        </pc:TextEquiv>
      </pc:TextLine>
      <pc:TextLine id="eSc_line_11071db0" custom="structure {type:default;}">
        <pc:Coords points="205,613 205,622 281,622 284,622 316,630 317,630 318,630 319,630 350,622 351,622 353,622 379,632 380,632 381,633 496,633 496,632 556,627 557,627 558,627 564,622 565,622 611,622 613,622 628,631 629,631 630,631 631,632 687,632 687,631 688,631 689,631 704,622 707,621 711,622 731,629 732,629 733,629 761,622 793,631 794,631 794,631 912,622 913,611 912,590 883,576 882,576 811,576 810,576 809,576 783,590 752,590 726,576 725,576 628,576 627,576 626,576 625,576 602,591 541,581 540,581 539,581 510,592 444,592 426,577 425,577 424,577 410,577 410,577 409,577 361,592 329,592 306,580 305,580 283,580 282,580 282,580 281,580 264,592 205,592 205,613"/>
        <pc:Baseline points="205,613 544,609 913,611"/>
        <pc:TextEquiv index="0">
          <pc:Unicode>rung nachgingen. D. 27tn wurde die</pc:Unicode>
        </pc:TextEquiv>
        <pc:TextEquiv conf="0.9706" index="1">
          <pc:Unicode>rung nachgingen. D. 27tn wurde die</pc:Unicode>
        </pc:TextEquiv>
      </pc:TextLine>
      <pc:TextLine id="eSc_line_f8fc531e" custom="structure {type:default;}">
        <pc:Coords points="205,663 205,670 241,670 242,670 264,682 265,682 266,683 347,683 347,682 423,681 424,681 425,681 445,669 460,677 461,677 461,677 462,677 485,671 500,674 501,674 502,674 604,668 606,668 631,680 632,680 632,681 691,681 691,680 692,680 712,668 731,667 735,666 803,666 804,666 813,673 814,673 815,673 816,674 831,674 831,673 832,673 854,666 854,666 914,666 914,658 913,642 770,637 769,637 769,637 760,639 753,642 749,639 733,629 732,629 731,629 697,629 696,629 695,629 694,629 681,638 664,630 663,630 662,630 634,632 633,632 623,638 615,642 579,643 569,637 559,630 558,630 557,630 531,630 530,630 529,630 529,630 519,636 511,641 457,644 437,635 427,630 427,630 369,630 368,630 367,630 367,630 362,634 344,646 295,646 266,645 246,632 245,631 244,631 243,631 242,631 205,631 205,663"/>
        <pc:Baseline points="205,663 914,658"/>
        <pc:TextEquiv index="0">
          <pc:Unicode>Kinderſchule wieder angefangen, u.</pc:Unicode>
        </pc:TextEquiv>
        <pc:TextEquiv conf="0.9922" index="1">
          <pc:Unicode>Kinderſchule wieder angefangen, u.</pc:Unicode>
        </pc:TextEquiv>
      </pc:TextLine>
      <pc:TextLine id="eSc_line_7f3bed5f" custom="structure {type:default;}">
        <pc:Coords points="203,712 203,719 218,724 219,724 220,724 247,720 267,729 268,729 269,729 270,729 290,720 293,719 309,719 312,720 330,729 331,729 332,729 333,729 351,722 405,722 426,729 427,729 427,729 428,729 448,721 455,718 478,721 492,723 493,723 494,723 499,721 513,717 521,722 533,728 534,728 535,729 564,729 564,728 645,722 747,715 820,723 821,723 822,723 839,715 870,715 927,724 928,705 924,669 897,676 869,671 860,669 859,669 791,670 790,670 789,670 785,673 765,686 743,687 720,687 700,676 693,673 692,673 692,673 691,673 690,673 684,676 670,687 655,687 640,678 630,672 629,672 628,672 627,672 593,677 578,673 577,673 576,673 575,673 560,681 547,688 517,686 511,682 494,673 493,673 492,673 424,673 423,673 422,673 404,685 399,690 382,690 342,690 338,688 310,674 309,674 308,674 307,674 307,674 297,681 274,680 273,680 273,680 253,690 250,690 212,687 211,687 210,687 202,690 203,712"/>
        <pc:Baseline points="203,712 928,705"/>
        <pc:TextEquiv index="0">
          <pc:Unicode>d. 28tn. wurde den Geſchwiſtern bekannt</pc:Unicode>
        </pc:TextEquiv>
        <pc:TextEquiv conf="0.9963" index="1">
          <pc:Unicode>d. 28tn wurde den Geſchwiſtern bekannt</pc:Unicode>
        </pc:TextEquiv>
      </pc:TextLine>
      <pc:TextLine id="eSc_line_15c0ec06" custom="structure {type:default;}">
        <pc:Coords points="203,759 203,775 246,769 274,773 275,773 276,773 289,767 345,775 346,775 347,775 375,767 388,773 389,773 390,773 420,769 427,774 427,774 428,774 429,774 430,774 450,767 495,773 495,773 496,773 497,773 506,767 519,773 520,773 521,774 548,774 548,773 549,773 550,773 558,767 591,773 592,773 629,767 709,772 709,772 710,772 724,765 772,769 773,769 774,769 775,769 785,764 894,764 922,771 924,755 923,726 865,726 864,726 863,726 863,726 843,741 824,733 823,733 822,733 821,733 794,741 782,735 781,735 780,735 779,735 778,735 769,742 755,738 754,738 753,738 719,742 706,736 705,736 704,736 703,736 683,742 671,736 670,736 669,736 668,736 653,743 614,743 590,730 589,729 589,729 588,729 587,729 586,729 583,730 556,742 529,737 528,737 489,744 427,740 427,740 426,740 416,743 384,733 374,729 373,729 372,729 318,730 317,730 316,730 311,733 302,738 202,735 203,759"/>
        <pc:Baseline points="203,759 924,755"/>
        <pc:TextEquiv index="0">
          <pc:Unicode>gemacht, wie den Winter über die</pc:Unicode>
        </pc:TextEquiv>
        <pc:TextEquiv conf="0.9871" index="1">
          <pc:Unicode>gemacht, wie den Winter über die</pc:Unicode>
        </pc:TextEquiv>
      </pc:TextLine>
      <pc:TextLine id="eSc_line_c636a5a7" custom="structure {type:default;}">
        <pc:Coords points="202,807 202,829 253,828 296,818 336,828 337,828 338,828 339,828 353,821 368,828 369,828 370,829 414,829 414,828 415,828 450,818 484,827 485,827 486,827 487,827 504,821 529,827 530,827 531,827 611,815 685,815 702,822 703,822 704,822 705,822 706,822 715,815 837,815 866,826 867,826 868,827 927,827 928,804 927,775 905,764 904,764 847,764 846,764 846,764 845,764 829,776 817,785 798,785 786,776 785,776 784,776 783,776 782,776 781,776 769,785 628,785 617,778 601,766 600,766 599,766 566,765 565,765 564,765 564,765 555,770 537,768 536,768 535,768 534,768 521,779 511,786 455,786 444,779 422,766 421,766 420,766 419,766 356,770 338,767 337,767 336,767 315,775 303,766 302,766 301,766 300,766 260,771 240,766 239,766 239,766 238,766 201,780 202,807"/>
        <pc:Baseline points="202,807 928,804"/>
        <pc:TextEquiv index="0">
          <pc:Unicode>Geſellſchaften gehalten werden ſollen.</pc:Unicode>
        </pc:TextEquiv>
        <pc:TextEquiv conf="0.9878" index="1">
          <pc:Unicode>Geſellſchaften gehalten werden ſollen.</pc:Unicode>
        </pc:TextEquiv>
      </pc:TextLine>
      <pc:TextLine id="eSc_line_06672d5b" custom="structure {type:default;}">
        <pc:Coords points="217,861 217,870 269,875 270,875 271,875 272,875 277,870 320,874 321,874 322,874 323,874 328,869 329,869 374,869 375,869 403,882 404,882 405,882 406,882 440,868 443,866 524,866 526,867 547,876 547,876 548,876 606,865 610,865 612,865 656,878 657,878 658,878 794,876 795,876 829,864 846,875 847,875 848,875 849,875 897,874 898,874 934,860 934,850 932,833 891,833 856,815 855,815 827,815 826,815 825,815 824,815 817,819 771,816 770,816 717,821 662,818 661,818 660,818 659,818 646,826 629,818 628,818 627,818 582,819 581,819 581,819 555,835 549,840 538,835 538,835 537,835 536,835 535,835 533,835 520,841 365,843 344,837 330,834 329,834 328,834 327,834 326,834 321,838 314,843 250,844 216,839 217,861"/>
        <pc:Baseline points="217,861 934,850"/>
        <pc:TextEquiv index="0">
          <pc:Unicode>Durch dieſe u. andre Einrichtungen</pc:Unicode>
        </pc:TextEquiv>
        <pc:TextEquiv conf="0.9998" index="1">
          <pc:Unicode>Durch dieſe u. andre Einrichtungen</pc:Unicode>
        </pc:TextEquiv>
      </pc:TextLine>
      <pc:TextLine id="eSc_line_e852c9fd" custom="structure {type:default;}">
        <pc:Coords points="206,929 240,922 260,929 261,929 262,929 263,929 272,929 347,922 365,926 375,928 376,928 376,928 384,926 412,918 453,922 454,922 481,916 591,916 598,920 606,925 606,925 607,925 608,926 636,926 636,925 637,925 652,919 663,915 717,918 837,923 838,923 905,912 906,905 905,889 879,887 860,876 859,876 858,876 857,876 815,877 814,877 813,877 799,888 740,890 711,887 688,885 687,885 668,886 661,887 659,886 648,878 647,878 646,878 611,878 610,878 609,878 608,878 598,886 594,890 521,892 501,886 500,886 499,886 498,886 497,886 490,892 478,888 478,888 477,888 444,893 407,885 387,880 386,880 351,881 350,881 344,884 327,893 305,888 304,888 303,888 285,895 229,895 206,883 206,912 206,929"/>
        <pc:Baseline points="206,912 594,905 906,905"/>
        <pc:TextEquiv index="0">
          <pc:Unicode>zur Bedienung der Gemeine ſchien</pc:Unicode>
        </pc:TextEquiv>
        <pc:TextEquiv conf="0.9994" index="1">
          <pc:Unicode>zur Bedienung der Gemeine ſchien</pc:Unicode>
        </pc:TextEquiv>
      </pc:TextLine>
      <pc:TextLine id="eSc_line_d3f175f2" custom="structure {type:default;}">
        <pc:Coords points="200,960 200,975 324,974 325,974 339,967 418,975 426,975 427,975 427,975 429,975 448,967 498,971 499,971 500,971 501,971 508,966 556,973 557,973 593,968 604,973 605,973 606,973 680,965 784,973 788,973 789,973 790,973 807,965 870,965 882,972 883,972 884,972 885,973 920,973 920,957 917,929 857,929 856,929 855,929 835,944 797,944 772,930 770,929 769,929 725,929 724,929 723,929 722,929 720,931 705,942 664,944 633,944 616,933 614,930 613,930 612,930 581,930 580,930 579,930 572,933 552,944 547,940 546,940 545,940 544,940 385,945 369,937 364,934 363,934 362,934 341,937 285,945 199,939 200,960"/>
        <pc:Baseline points="200,960 920,957"/>
        <pc:TextEquiv index="0">
          <pc:Unicode>ein ganz neues Leben unter die Ge⸗</pc:Unicode>
        </pc:TextEquiv>
        <pc:TextEquiv conf="0.9826" index="1">
          <pc:Unicode>ein ganz neues Leben unter die Ge⸗</pc:Unicode>
        </pc:TextEquiv>
      </pc:TextLine>
      <pc:TextLine id="eSc_line_68f15080" custom="structure {type:default;}">
        <pc:Coords points="204,1008 205,1026 241,1015 263,1026 264,1026 264,1027 284,1027 284,1026 285,1026 286,1026 299,1015 334,1015 369,1026 371,1026 372,1026 373,1027 421,1027 421,1026 422,1026 424,1025 444,1016 480,1020 481,1020 482,1020 483,1020 489,1015 525,1021 526,1021 598,1015 611,1025 612,1026 613,1026 614,1026 615,1026 623,1025 674,1015 726,1022 726,1022 777,1015 797,1024 802,1026 803,1026 803,1027 840,1027 840,1026 841,1026 842,1026 845,1024 848,1021 861,1024 866,1025 867,1025 868,1025 869,1025 874,1023 893,1019 909,1023 911,1008 911,978 869,976 859,968 858,968 857,968 772,968 771,968 770,968 756,975 718,968 652,968 651,968 650,968 649,968 640,975 619,988 488,988 468,975 467,975 466,975 465,975 464,975 463,975 446,988 413,988 397,980 396,980 395,980 355,985 331,972 323,968 322,968 321,968 320,968 319,968 313,972 292,985 264,971 255,968 254,968 253,968 252,968 242,971 230,976 204,971 204,1008"/>
        <pc:Baseline points="204,1008 911,1008"/>
        <pc:TextEquiv index="0">
          <pc:Unicode>ſchwiſter zu komen. Jn der Helfer⸗</pc:Unicode>
        </pc:TextEquiv>
        <pc:TextEquiv conf="0.9986" index="1">
          <pc:Unicode>ſchwiſter zu kom̅en. Jn der Helfer⸗</pc:Unicode>
        </pc:TextEquiv>
      </pc:TextLine>
      <pc:TextLine id="eSc_line_d69174c1" custom="structure {type:default;}">
        <pc:Coords points="204,1054 203,1069 295,1071 296,1071 297,1071 298,1071 299,1070 307,1065 323,1070 327,1071 328,1071 461,1072 462,1072 463,1072 468,1070 481,1064 543,1064 553,1070 556,1073 557,1073 558,1073 559,1074 611,1074 611,1073 612,1073 619,1070 632,1065 667,1070 675,1071 676,1071 677,1071 678,1071 679,1070 688,1065 710,1069 711,1069 831,1065 845,1070 854,1074 854,1074 855,1074 911,1070 912,1057 911,1040 837,1027 837,1027 776,1039 773,1039 704,1039 704,1039 658,1025 658,1025 632,1025 632,1025 631,1025 606,1039 605,1039 581,1039 581,1039 549,1024 548,1024 513,1024 512,1024 512,1024 511,1024 492,1038 491,1039 441,1039 440,1038 414,1026 413,1026 412,1026 355,1033 325,1023 324,1023 287,1023 286,1023 285,1023 284,1023 273,1031 248,1031 247,1031 247,1031 246,1031 239,1037 238,1037 204,1037 204,1054"/>
        <pc:Baseline points="204,1054 912,1057"/>
        <pc:TextEquiv index="0">
          <pc:Unicode>Conferenz wurde unter andern er⸗</pc:Unicode>
        </pc:TextEquiv>
        <pc:TextEquiv conf="0.989" index="1">
          <pc:Unicode>Conferenz würde unter andern er⸗</pc:Unicode>
        </pc:TextEquiv>
      </pc:TextLine>
      <pc:TextLine id="eSc_line_5c9ad6f6" custom="structure {type:default;}">
        <pc:Coords points="203,1103 203,1120 406,1120 406,1119 413,1119 510,1108 535,1108 547,1116 547,1116 548,1116 549,1116 581,1109 595,1116 596,1116 597,1116 598,1116 598,1116 611,1108 720,1116 721,1116 722,1116 723,1116 739,1108 888,1108 905,1117 905,1117 906,1117 907,1117 923,1116 923,1100 921,1077 874,1075 856,1067 855,1067 854,1067 854,1067 824,1076 817,1078 807,1076 777,1070 777,1070 776,1070 763,1076 756,1079 696,1079 689,1075 669,1068 668,1068 633,1068 632,1068 632,1068 618,1075 608,1081 438,1081 426,1074 416,1069 415,1069 383,1069 382,1069 381,1069 380,1069 374,1074 365,1081 355,1074 349,1069 348,1069 347,1069 346,1069 202,1073 203,1103"/>
        <pc:Baseline points="203,1103 923,1100"/>
        <pc:TextEquiv index="0">
          <pc:Unicode>zehlt, daß einer von denen in Kan⸗</pc:Unicode>
        </pc:TextEquiv>
        <pc:TextEquiv conf="0.9862" index="1">
          <pc:Unicode>zehlt, daß einer von denen in Kan⸗</pc:Unicode>
        </pc:TextEquiv>
      </pc:TextLine>
      <pc:TextLine id="eSc_line_9c7a5a31" custom="structure {type:default;}">
        <pc:Coords points="200,1155 200,1171 240,1162 266,1171 267,1171 268,1171 269,1172 347,1172 347,1171 348,1171 349,1171 350,1170 361,1162 439,1162 452,1169 453,1170 454,1170 455,1170 456,1171 487,1171 487,1170 487,1170 490,1169 505,1162 582,1166 583,1166 584,1166 585,1166 591,1160 609,1165 610,1165 611,1165 699,1160 714,1167 717,1168 718,1168 719,1168 720,1168 726,1167 749,1159 782,1166 783,1166 784,1166 802,1159 854,1166 878,1168 879,1168 911,1165 911,1153 910,1120 884,1120 848,1108 847,1108 796,1108 795,1108 794,1108 764,1120 744,1120 736,1120 735,1120 702,1110 701,1110 700,1110 700,1110 683,1119 641,1120 632,1116 632,1116 631,1116 630,1116 616,1118 596,1108 595,1108 561,1108 560,1108 559,1108 529,1117 514,1109 513,1109 492,1109 491,1109 490,1109 465,1121 439,1109 438,1109 437,1109 386,1111 385,1111 384,1111 368,1122 367,1122 366,1122 345,1116 344,1116 343,1116 342,1116 327,1122 308,1112 307,1112 307,1112 306,1112 283,1120 266,1111 265,1111 264,1111 264,1111 263,1111 247,1122 246,1123 199,1123 200,1155"/>
        <pc:Baseline points="200,1155 657,1150 911,1153"/>
        <pc:TextEquiv index="0">
          <pc:Unicode>gek ſtehenden Heiden nach einer Ver-</pc:Unicode>
        </pc:TextEquiv>
        <pc:TextEquiv conf="0.9747" index="1">
          <pc:Unicode>gek ſtehenden Heiden nach einer Ver-</pc:Unicode>
        </pc:TextEquiv>
      </pc:TextLine>
      <pc:TextLine id="eSc_line_01a32fb5" custom="structure {type:default;}">
        <pc:Coords points="201,1211 202,1227 242,1217 275,1224 276,1224 277,1224 278,1224 291,1216 367,1220 368,1220 369,1220 370,1220 377,1215 402,1215 443,1220 444,1220 444,1220 445,1220 445,1219 452,1214 555,1216 586,1224 588,1224 589,1224 589,1224 617,1212 637,1212 653,1223 654,1223 655,1223 656,1223 750,1222 751,1222 772,1211 786,1221 786,1221 787,1221 788,1222 814,1222 820,1222 820,1221 821,1221 822,1221 836,1212 906,1220 907,1203 906,1171 878,1159 877,1159 876,1159 875,1159 860,1167 832,1164 831,1164 830,1164 813,1171 781,1161 780,1161 717,1161 717,1161 716,1161 690,1176 684,1178 646,1178 642,1176 618,1163 617,1163 540,1163 539,1163 538,1163 538,1163 517,1178 514,1180 460,1180 458,1179 407,1167 406,1167 405,1167 365,1180 341,1166 341,1166 340,1166 339,1166 338,1166 318,1176 301,1167 300,1167 299,1167 299,1167 298,1167 280,1182 279,1183 200,1183 201,1211"/>
        <pc:Baseline points="201,1211 535,1203 907,1203"/>
        <pc:TextEquiv index="0">
          <pc:Unicode>ſamlung des Br. Möhne geſagt habe,</pc:Unicode>
        </pc:TextEquiv>
        <pc:TextEquiv conf="0.9655" index="1">
          <pc:Unicode>ſamlung des Br. Möhne geſagt habe,</pc:Unicode>
        </pc:TextEquiv>
      </pc:TextLine>
      <pc:TextLine id="eSc_line_e5a4f354" custom="structure {type:default;}">
        <pc:Coords points="202,1259 202,1266 265,1266 266,1266 287,1273 288,1273 289,1273 290,1273 309,1266 325,1266 426,1265 445,1267 507,1273 508,1273 591,1268 618,1266 625,1268 637,1271 638,1271 639,1271 640,1271 646,1268 651,1265 661,1268 670,1270 671,1270 672,1270 673,1270 678,1268 685,1264 698,1268 709,1271 709,1271 710,1271 740,1269 772,1265 799,1265 803,1269 807,1271 808,1271 809,1271 810,1271 893,1269 893,1255 891,1221 854,1216 854,1216 853,1216 842,1222 832,1227 796,1229 778,1223 758,1216 757,1216 756,1216 755,1216 735,1224 718,1230 705,1225 694,1219 693,1219 692,1219 692,1219 679,1225 665,1232 600,1232 591,1227 572,1217 572,1217 571,1217 517,1218 516,1218 515,1218 503,1228 502,1229 499,1228 470,1218 470,1218 388,1218 387,1218 386,1218 385,1218 379,1223 360,1218 359,1218 358,1218 358,1218 328,1232 325,1234 201,1234 202,1259"/>
        <pc:Baseline points="202,1259 893,1255"/>
        <pc:TextEquiv index="0">
          <pc:Unicode>er wolle das nächſte mal über ihn</pc:Unicode>
        </pc:TextEquiv>
        <pc:TextEquiv conf="0.9992" index="1">
          <pc:Unicode>er wolle das nächſte mal über ihn</pc:Unicode>
        </pc:TextEquiv>
      </pc:TextLine>
      <pc:TextLine id="eSc_line_5dab50e3" custom="structure {type:default;}">
        <pc:Coords points="205,1310 205,1334 251,1334 251,1333 252,1333 253,1333 255,1332 265,1324 272,1327 273,1327 273,1327 274,1327 297,1320 331,1326 332,1326 467,1317 482,1324 489,1327 490,1327 491,1327 492,1327 501,1323 505,1321 512,1323 536,1329 537,1329 570,1321 593,1315 605,1320 619,1325 620,1325 701,1326 702,1326 703,1326 723,1315 729,1312 745,1314 757,1316 758,1316 759,1316 765,1314 776,1310 837,1310 844,1312 861,1316 862,1316 863,1316 863,1316 883,1310 888,1309 923,1309 924,1298 922,1274 868,1281 735,1282 724,1275 705,1262 704,1262 703,1262 702,1262 667,1263 666,1263 666,1263 651,1272 634,1265 633,1265 632,1265 580,1274 565,1271 564,1271 564,1271 555,1276 535,1287 459,1287 440,1277 426,1268 425,1268 424,1268 402,1268 401,1268 401,1268 381,1277 369,1282 338,1281 333,1277 322,1269 321,1269 320,1269 319,1269 213,1270 213,1270 212,1270 205,1275 205,1310"/>
        <pc:Baseline points="205,1310 924,1298"/>
        <pc:TextEquiv index="0">
          <pc:Unicode>ſpotten; darauf habe ihm eine von</pc:Unicode>
        </pc:TextEquiv>
        <pc:TextEquiv conf="0.9926" index="1">
          <pc:Unicode>ſpotten; darauf habe ihm eine von</pc:Unicode>
        </pc:TextEquiv>
      </pc:TextLine>
      <pc:TextLine id="eSc_line_a05b65b1" custom="structure {type:default;}">
        <pc:Coords points="749,1345 749,1361 783,1359 785,1360 794,1367 795,1367 796,1367 797,1368 829,1368 829,1367 829,1367 852,1357 856,1355 860,1357 877,1363 878,1363 879,1363 880,1363 913,1355 913,1345 912,1328 869,1329 862,1326 855,1322 854,1322 854,1322 853,1322 845,1325 835,1329 830,1324 828,1322 827,1322 826,1322 825,1322 824,1322 820,1324 811,1329 803,1324 802,1322 801,1322 800,1322 799,1322 798,1322 794,1323 771,1329 764,1323 764,1322 763,1322 762,1322 749,1322 749,1345"/>
        <pc:Baseline points="749,1345 913,1345"/>
        <pc:TextEquiv index="0">
          <pc:Unicode>unſern</pc:Unicode>
        </pc:TextEquiv>
        <pc:TextEquiv conf="0.9738" index="1">
          <pc:Unicode>unſern</pc:Unicode>
        </pc:TextEquiv>
      </pc:TextLine>
    </pc:TextRegion>
    <pc:TextRegion id="eSc_textblock_51380c3b">
      <pc:Coords points="857,1590 857,1587 832,1587 832,1590"/>
    </pc:TextRegion>
  </pc:Page>
</pc:PcGts>
