1000 1611
159 128 206 190 8
188 186 869 252 daß man Verſe ſingen möchte. Sie
186 241 839 298 verſchied am 17ten früh in der erſten
192 287 904 351 Stunde ſehr ſanft mit dem Segen der
188 337 894 409 Gemeine u. ihres Chores im 64ten Jahr
192 396 442 458 ihres Alters.
179 449 906 525 2.) Die led. Schw. Lucretia v. Alberti-
187 511 908 588 ni (in Neuwied) hat folgende Nachricht
187 564 596 624 von ſich hinterlaſſen:
191 613 829 676 " Die Treue Jeſu hört nie auf,
228 669 867 730 davon iſt auch mein Lebenslauf,
238 724 888 786 zu seines Namens Lob u. Preis,
234 779 816 841 ein augenſcheinlicher Beweis.
196 826 876 886 Ich bin geboren d. 26 Jun. 1762 an
177 883 881 940 der Brugg in Ober Engadin in Grau=
177 925 909 980 bündten. In meinem 4ten Jahr brachten
175 977 894 1037 mich meine Eltern mit noch mehreren
169 1022 895 1087 meiner Geſchwiſter nach Neuwied. Ich
174 1075 901 1137 gewohnte in der Anſtalt bald ein; u.
173 1125 908 1193 ob ich gleich zum Leichtſinn ſehr geneigt
175 1184 906 1244 war, ſo ſſpürte ich doch von Zeit zu Zeit
172 1226 896 1299 kräftige Rührungen des h. Geistes an
175 1285 888 1356 meinem Herzen. Inſonderheit wurde
811 1324 862 1393 ich
