1000 1610
84 179 748 243 um 6 Uhr beteten wir auf unserm
79 230 794 297 Sälchen die Osterlitaney, u. nachher gin-
76 284 777 348 gen einige Brüder mit uns auf den
76 331 795 407 Kirchhof, die Gräber unsrer entschlafenen,
90 395 803 463 Geschwr zu besuchen. Besonders eindrückl
78 454 807 520 war es uns, da wir auf dem Leichenstein
82 490 800 578 des sel. Br. Hollfeld den Vers erblickten:
85 559 738 630 Der Grund, wo ich mich gründe, iſt
88 606 803 681 Chriſtus u. ſein Blut, Unter den heu⸗
76 669 745 729 tigen Verſamlungen war auch eine
76 714 803 782 mit den Kindern, die ſehr weich u. an-
81 764 805 829 gethan waren. Wir hatten in dieſen
75 812 802 883 Tagen Beſuch von einigen Perſonen von
72 862 796 940 Lande, die um ihre Seligkeit beküm̅ert
73 914 756 994 ſind. D. 21tn wurde ein Abbittebrief
73 978 813 1050 von einer ausgeſchloſſenen Schweſter ge⸗
74 1023 789 1096 leſen, u. dieſelbe herzlich wieder ange-
79 1075 784 1150 faßt. D. 4 May ſchloſſen ſich unſre
76 1127 809 1206 4 led. Schweſtern im Geiſte an ihre Chor⸗
74 1189 799 1254 Verwandte in der Gemeine an, u. hat-
72 1231 773 1304 ten ein paar Feſtverſamlungen, in
72 1291 795 1370 welchen ſie ſehr angethan u. weich wa⸗
728 108 806 156 265.
841 1560 933 1589 En scu hetn zu zrl
778 1581 788 1609 .
