1000 1612
191 119 236 180 18.
199 181 870 242 Mann von der Begleitung dieſer
198 231 892 301 Bruder nach Hauſe kam, bezeugte
206 287 913 356 ſie ihm ſolches, u. bat ihn mit Thrä⸗
195 342 911 402 nen um Vergebung, daß ſie ihm in
191 392 917 459 dieſer Sache widerſtanden hätte. Von
190 448 913 510 der Zeit an wurden auf ſr Frauen
195 501 913 565 Bitte die Verſam̅lungen in ſeinem
203 556 907 620 Hauſe gehalten. Sie thaten auch ei⸗
187 608 871 675 ne Reiſe nach Augsburg, um die
189 660 855 729 Erweckten daſelbſt zu beſuchen.
191 720 880 788 Ao 1748 zogen ſie nach Hirſchberg,
181 771 909 840 wo er \bey/ dem H. Kaufmann Menzel als
181 826 863 890 Buchhalter in Condition kam. Er
189 877 889 943 pflegte ſich noch in ſeinen lezten
186 929 900 985 Jahren mit vieler Dankbarkeit an die
183 985 853 1039 Wohlthaten zu erinnern, die er
182 1038 893 1090 von ſeinen Freunden in Hirſchberg
182 1091 886 1142 genoſſen, inſonderheit in dem Bau⸗
167 1133 898 1202 mertſchen, Hillmerſchen u. Matheſiſchen
182 1198 886 1253 Hauſe, wo ſie 13 Jahre in Liebe u.
182 1247 916 1311 Harmonie gewohnt haben. In Hirſch-
181 1298 868 1370 berg ſezten ſie ihre Bekanntſchaft
773 1352 879 1404 mit
