1000 1611
189 107 264 166 188.
211 176 905 240 gänzliche Entkräftung geſellte) hätte er
211 230 892 281 ja wol auch geneſen können, wenn ihn
202 272 934 331 der Herr noch länger hier hätte haben wol⸗
202 320 907 383 len; aber die Stunde hatte geſchlagen,
201 370 905 428 da ihn der Hld zu ſich nehmen wolte;
200 426 928 480 und wenn die da iſt, so kan einen nie⸗
205 470 897 528 mand halten. Wir haben daher dem
210 517 921 575 Heiland, als wir ſahen, daß er ſeinem
212 568 932 625 Ende nahe war, mit einander von Her-
216 617 931 680 zen gedankt, daß Er ihn ſo lange zum
205 667 902 724 Dienſte Seiner Gemeine unter uns
210 717 895 775 hat laſſen wollen, u. haben, in der
209 763 931 826 veſten Zuverſicht, daß er bey dem Herrn
209 818 892 876 ſeyn werde ewiglich, ihn der guten
213 864 876 928 Hand des Herrn wieder übergeben.
211 914 935 977 Die mehreſten von ſeinen l. Collegen
202 970 913 1026 waren zugegen, als wir früh gegen
210 1010 915 1074 6 Uhr am 14 Febr. 1788 unſern Ab-
213 1064 930 1127 ſchied mit ihm machten, u. ihn zu ſei⸗
205 1116 926 1181 nem Heimgang, welcher gegen halb 8 Uhr
208 1165 905 1226 ſehr ſanft erfolgte, mit dem Segen
205 1212 912 1275 des Herrn begleiteten. Sein Alter hat
203 1261 931 1331 er gebracht auf 64 Jahr u. etliche Wochen.
255 1318 914 1367 Was ſollen wir nun weiter von
840 1352 920 1403 ihm
