1000 1612
706 114 780 180 43.
108 179 769 248 Es ſind in dieſem Jahre 10 Kinder
68 238 753 299 geboren worden, zur Aufnahme in
68 289 793 348 die Gemeine ſind 10- u. zum h. Amhl
70 334 790 400 7 Perſonen gelangt. Getraut iſt wor⸗
74 392 777 451 den 1 Paar. Heimgegangen ſind 12
79 436 793 501 Perſ. u. darunter 4, die im Kajak
77 493 791 565 geblieben ſind. Die Gemeine beſteht
85 552 491 611 aus 61 Eheleuten
215 598 496 649 3 Witwern
204 640 559 698 14 led. Brüdern
204 685 457 745 19 Knaben
205 735 504 797 50 Knäbchen
203 788 488 844 34 Witwen
205 831 597 888 26 led. Schweſtern
205 881 725 944 21 größern Mädchen u.
206 937 493 996 59 Mägdlein
83 987 760 1063 Sa 287 Perſonen. Von dieſen
84 1048 826 1115 wohnen in Piſſikſarbik 19, in Kellin⸗
83 1102 818 1171 garſuk 26, in Karoſuk 16, in Kangek
82 1161 681 1221 152, u. in Neu⸗Hhut nur 74.
87 1207 794 1270 Noch in keinem Jahre iſt die Gemeine
88 1254 784 1329 ſo zerſtreut geweſen wie in dieſem.
94 1307 805 1387 Die Piſſikſarbik wohnen 8 Meilen
