1000 1611
181 110 256 177 12.
213 182 933 252 mein Gemüth mit allerhand unnützen
205 231 914 308 Dingen. Jch fühlte wol darüber Beſtra⸗
206 278 919 363 fung in meinem Herzen, aber ich ſezte
205 333 892 407 mich darüber weg, bis ich mein tiefes
207 383 912 460 Verderben in Seele und Hütte ſo nach-
202 433 904 514 drücklich zu fühlen bekam, daß ich ſe⸗
205 490 906 563 hen mußte, ich sey von der Sünde bis
199 542 917 629 in den Tod verwundet, zu allem ſchlech-
193 597 910 680 ten geneigt, u. zu allem Guten erſtorben.
208 647 884 725 Da ich durch langes Widerſetzen mich
198 710 905 779 im̅er mehr vom Heiland entfernt hatte,
194 757 862 829 ſo konte ich nicht ſo gleich wieder ein
190 810 908 882 Zutrauen zu Ihm faßen, u. meine Noth
185 866 906 937 wurde im̅m̅er größer. Ich wurde herzlich
201 920 871 993 zu Ihm gewiese♂, erfuhr auch manche
187 965 919 1041 Tröstungen, hatte aber bey allem Gefühl
177 1022 909 1089 meines Verderbens doch noch ſo viele ei⸗
180 1074 878 1139 gene Gerechtigkeit übrig, von der ich
178 1130 896 1197 ganz ausgezogen werden ſolte, daß ich
178 1175 911 1241 lange nicht ganz ins klare kam. Ein-
180 1226 865 1287 mal, da ich in dem Ge
184 1273 893 1347 Vers las: "In des Lam̅es Blut allein
735 1329 840 1388 ſtehet
