1000 1610
737 121 803 177 23.
100 180 806 245 Verweſung auſſer allen Zweifel ſezte.
98 235 787 305 Er war im 86ten Jahr ſeines Alters.
100 312 808 383 4.) Die led. Schw. Christiane Friedr.
107 371 813 433 Sophie v. Schulenburg (in Herrnhut)
101 426 827 488 hat folgende Nachricht von ſich hinter⸗
98 472 791 540 laſſen: Ich bin geboren d. 26 Jul.
98 521 805 592 1726 zu Aſſenheim, ohnweit Frank⸗
102 579 790 647 furt am Mayn. Mein Vater war
141 627 796 700 HE. Emanuel Ludwig von der Schu⸗
106 692 814 757 lenburg, welcher vormals in Königl.
103 739 787 805 Preußln Kriegsdienſten geſtanden,
107 794 821 857 u. ſich nun bey dem Gräfl. Solmsſchen
115 850 770 913 Hofe zu Aſſenheim aufhielt; und
102 906 809 966 meine Mutter eine geborne v. Paſto-
102 957 825 1016 nellen, welche ich aber ſchon in meinem
109 1006 822 1073 5ten Jahr verloren habe. Jch kam hierauf
110 1074 792 1125 zu meiner Tante nach Hanau, bey
102 1122 812 1185 der ich 6 Jahre unter ſtrenger Erzie⸗
115 1176 795 1235 hung verbrachte; doch dafür bin ich
111 1223 827 1281 ihr immer ſehr dankbar geblieben, daß
109 1271 804 1328 ſie mich zur Arbeit angehalten, Sie
110 1324 813 1380 brachte mich darauf wieder zu mei⸗
