1000 1610
182 121 254 197 24.
209 186 896 245 nem Vater, allwo ich mich die meiſte
212 231 915 302 Zeit bey der daſigen Herrschaft aufhielt.
220 279 915 344 Die Gräfin war eine gottesfürchtige
213 328 907 389 Dame, u. hatte meiner ſel. Mutter
204 377 885 439 verſprochen Mutterſtelle bey mir
216 428 924 492 zu vertreten. Dieses Verſprechen er-
211 471 904 545 füllte ſie auch damit ganz, daß ſie
203 526 901 598 mich a.1739 im May in Geſellschaft
203 581 867 641 meines lieben ſel. Vaters, u. mit
202 630 895 695 ſeiner völligen Zufriedenheit nach
193 677 922 754 Marienborn brachte, u. der ſel. Gräfin
202 732 866 796 v. Zinzendorf übergab. Ich kam
188 775 898 840 noch denselben Abend in die Mädchen-
190 827 900 899 Anſtalt, u. gewohnte ſogleich unter
193 885 916 945 den Kindern ein. Nach einem halben
209 931 906 1001 Jahre hatte ich die Freude, daß mei-
195 985 858 1045 ne liebe Schwester Marie Thereſie
207 1051 896 1102 (die jetzige Chor-Dienerin der led.
203 1090 887 1152 Schwestern in Herrnhut) nachkam.
207 1142 904 1201 Noch in diesem Jahre wurde ich an
189 1187 885 1255 einem hitzigen Fieber heftig krank,
191 1243 904 1301 so daß man mein Ende vermuthete.
213 1296 882 1363 Jch wurde daher einsmahls gefragt,
819 1347 872 1398 ob
