1000 1611
732 122 783 181 29
103 191 801 250 dazu bey mir zuwege bringen. Bey
95 236 816 297 einem achttägigen Aufenthalt in Barby
96 284 799 341 genoß ich viel Gutes, u. der Vers, wo
95 337 789 384 mit die Gemeine in der lezten Sing⸗
98 379 794 439 ſtunde mich u. meine Reiſegeſellschaft
101 424 799 491 ſegnete: Geist, Seel u. Leib ist Dir ge⸗
94 477 798 543 weiht pp welcher ſich ſo ganz beſonders
95 533 803 595 auf mich paßte, ist mir nach der Zeit
99 582 797 649 oft zum Trost u. Aufmunterung ge⸗
95 639 797 700 weſen. Am 23. Aug. kam ich auf mei⸗
99 690 816 751 nem Posten an, u. wurde ſehr liebreich
96 746 787 800 aufgenommen. Die erſte Zeit hatte ich
95 792 820 850 armes, an die Gemeine ſehr verwöhntes
92 840 826 899 Kind viele lange Stunden, u. verbrachte
99 892 815 952 manche Nacht schlaflos u. unter vielen
102 937 787 1003 Thränen. Aber der Hld tröstete mich
102 992 803 1051 mit dem Gefühl Seines Friedens, und
102 1040 829 1108 ließ mirs auch ſonſt wohl gehen in dem
111 1092 787 1156 Hause des HE. Landraths, denn er u.
112 1150 820 1207 seine Gemahlin waren wie Eltern ge⸗
122 1194 798 1254 gen mich gesinnt. Ao 1779 that die
104 1240 828 1303 Frau Landräthin mit ihrem zwey jüng⸗
105 1287 813 1364 ſten Kindern einen Beſuch in Deutsch⸗
