1000 1611
175 138 242 197 36.
290 211 767 277 II. Von Grönland.
203 291 912 361 I.) Aus dem diario von Neu⸗Herrn⸗
220 344 891 413 hut vom Sept. 1786. bis Jun. 1787.
199 443 913 506 Den 1 Sept. kam Br. Heinze von Kan⸗
195 494 900 556 ges zurück, wo er Anſtalten getroffen
202 545 888 605 hatte zum Bau eines Häuschens für
196 599 808 657 ein paar Europäiſche Geſchwiſter.
202 639 921 709 D. 8tn reiſten unſre l. Geſchw. Broderſens
196 696 920 764 mit dem Br. Grillich nach Lichtenfels ab.
213 753 920 813 Jn den folgenden Tagen war Br. Flie⸗
202 801 889 865 gel in Kangek, u. arbeitete fleißig
203 857 906 910 an gedachtem Häuschen. D. 12tn verab⸗
207 900 930 967 ſchiedete ſich Br. Heinze mit der hieſigen
205 963 890 1017 Gemeine, u. d. 16tn ging er an Bord,
199 1012 918 1080 um über Lichtenfels nach Europa zu
202 1069 925 1125 reiſen. Geſchw. Meyers waren nun ei⸗
193 1111 918 1181 nige Tage ganz allein hier. Die Grön⸗
195 1169 914 1234 ländℓ. Geſchwr. fingen nun an in ihre
192 1219 914 1280 Winterhäuſer zu ziehen. D. 29tn kam
193 1268 880 1325 Johannes, der ehedem die Gemeine
194 1316 923 1380 verlaſſen hatte, u. nach Norden ge⸗
736 1363 890 1415 fahren
