1000 1611
775 118 808 177 5.
104 187 839 251 activität in ihre Geschäfte, wozu ihr der
102 233 803 306 l. Hld besondere Gaben geschenkt hatte.
104 287 811 353 Sie war darinnen so unermüdet, daß
105 338 827 408 sie öfters ihre Gesundheit darüber ver-
101 392 828 460 nachläßigte. Der Segen Gottes war auch
105 451 827 510 mit ihr; dabey aber war sie sich ihrer
100 497 817 564 Versehen u. Fehler gar wohl bewußt,
99 562 777 613 u. war sonderlich darüber, wenn sie
108 605 803 668 zwischen durch ihr hitziges Tempera-
95 656 834 727 ment übereilt wurde, öfters untröstl.
114 710 837 774 Sie stand in einem kindlichen Umgang
104 762 814 823 mit ihrem Hld, u. legte Jhm sowol ihr
105 826 829 883 eigenes Anliegen als auch sein ganzes
102 875 785 935 Gnadenwerk, u. sonderlich ihr liebes
102 919 792 989 Chor, täglich an sein treues Herz. Sie
102 976 789 1050 nahm sich auch der Seeelenpflege mit
102 1036 858 1098 aller Treue an, u. war ihren Schwestern
104 1087 787 1146 oft zum Trost u. Segen. Ueber die
107 1135 825 1200 Anstellung einiger ihrer Kinder im
106 1191 845 1260 Dienste des Hlds hatte sie eine besondere
99 1246 807 1309 Freude. Sie genoß eine ziemlich gute
111 1297 797 1364 Gesundheit, ausser daß sie zuweilen
