1000 1612
184 137 241 197 42.
193 197 899 266 genoßene Gute. D. 31t machten wir
190 251 923 314 den Beſchluß des Jahres, u. beſahen ge⸗
190 306 901 366 meinſchaftlich, unter großer Stille u.
192 355 927 419 Aufmerkſamkeit der Geſchwr, unſern
192 406 927 475 bisherigen Gang. Obgleich unſre hieſige
198 464 889 526 Grönländℓ. Gemeine, die ehemals ſo
194 519 913 574 ſtark war, nun ſehr klein geworden,
190 563 919 634 u. überdem ganz zerſtreut wohnt, ſo
185 617 930 683 daß ſie menſchlichem Anſehen nach wol
183 670 925 735 niemals zu dem ehemaligen Wohlſtand
181 727 897 785 wieder gelangen dürfte; ſo wiſſen
184 773 919 840 wir doch, daß ſie des Heilandes iſt, u.
193 830 925 892 Er in unſrer Mitte wohnt. An betrüb⸗
189 881 929 944 ten Vorkom̅enheiten, die bey gegenwär-
184 927 888 995 tiger Verfaßung faſt unvermeidlich
195 983 913 1051 ſind, hat es nicht gefehlt; aber dem
194 1037 917 1106 gröſten Theil der Geſchwr liegt es doch
189 1106 908 1157 an, der empfangenen Gnade treu zu
189 1147 921 1209 bleiben; u. viele, die in Abweichun⸗
194 1205 923 1261 gen gerathen waren, fangen an um⸗
194 1258 896 1311 zukehren, u. einige von ihnen ſind
191 1302 908 1358 wieder in einem erfreulichen Gange.
805 1354 903 1426 Es
