1000 1611
178 132 242 196 26.
199 194 910 255 mitkom̅en, u. glaubſt doch nicht, daß
204 238 912 304 der l. Hld für deine Sünden geſtorben
215 289 868 353 iſt! Du gehörſt hierzu noch nicht.
209 335 913 402 Das fuhr mir durchs Herz, u. ich ging
211 388 877 448 in einen Winkel, weinte u. bat
205 431 913 497 den Heiland, Er möchte mir doch die
199 478 912 553 Gnade ſchenken, zu glauben, daß Er
202 535 908 606 auch für mich geſtorben; u. hielt ſo
201 588 886 650 3 Tage u. Nächte mit weinen u.
202 635 905 702 beten an; denn nun fühlte ich es
199 688 911 757 ganz, daß ich auch eine arme Sünde-
197 744 861 796 rin war, u. Vergebung meiner
201 778 920 850 Sünden brauchte. Ich ließ auch nicht
197 838 924 901 nach mit Bitten, bis ich die Versicherung
202 885 913 955 u. den Troſt ins Herz bekam, daß Er
205 949 923 1002 mir alle meine Sünden vergeben
235 987 917 1053 Ao 1741 kam ich mit der Mädchens-
198 1043 931 1107 Anſtalt nach Herrnhaag; u. gelangte
204 1108 939 1150 am 3. Sept. dieſes Jahres zum erſtma-
202 1141 932 1208 ligen Genuß des h. Amahls. Ob ich gleich
204 1199 884 1258 daſſelbe Krankheit wegen auf der
205 1250 890 1307 Krankenſtube genießen mußte,
203 1295 931 1362 wird mir doch das , was ich dabey ge-
786 1346 916 1412 fühlt,
