1000 1611
201 127 213 190 .
215 195 876 250 D. 3. Jan. 1768 wurde sie durch den
210 239 885 306 Heimgang ihres sel. Mannes in den
208 291 896 355 Witwenstand versezt. Schon vorher
205 341 920 405 hatte für ihre Kinder zum theil in die
198 395 927 462 Anstalten nach Hhut u. Hennersdorf
196 453 909 516 abgegeben u. nun zog sie auch nach
207 499 863 568 Herrnhut ins Witwenhaus, wo sie
199 555 894 619 nach dem Synodo 1769 (in welchem
191 606 918 670 die damaligen Orts-Anstalten aufge-
185 647 918 719 hoben wurden) wieder ihre eigene
194 701 918 775 ziehung ihrer jüngsten Kinder besorgte.
200 763 913 828 Das Gedeihen derselben lag ihr sehr am
185 809 929 877 Herzen u. der Heiland hat sie auch an
191 860 932 923 ihnen viel Freude erleben lassen. Von
187 911 930 973 ihrem ältesten Sohn, der Prediger zu
188 963 900 1029 Comby in Liefland ist, hat sie 3 Enkel
185 1014 908 1077 erlebt. Ao 1778 wurde sie Chordienerin
179 1069 925 1128 der Witwen in Niesky, u. im Max
181 1117 887 1180 1779 kam sie zu eben dem Geschäfte
186 1167 910 1235 nach Gnadenfrey. Sie ging bald mit
179 1223 895 1287 aller möglichen Willigkeit u. großer
181 1278 897 1350 Activität
706 1326 885 1380 Activität
