1000 1612
180 125 248 192 170.
237 195 916 256 Er kam alſo zu einer Zeit zur Gem.
210 244 913 306 da die heftigſten Streitſchriften gegen
207 293 922 351 die Brüder allen Menſchen in den Hän⸗
205 338 921 396 den waren. Daher war es kein Wun⸗
205 386 882 442 der, daß ſeine Verwandten u. ſein
201 432 914 495 Vormund durch dieſen ſeinen Schritt,
204 481 919 553 den er gethan hatte, aufs heftigſte auf⸗
207 539 918 598 gebracht wurden. Der Vormund mel⸗
204 587 914 647 dete es nach Wolfenbüttel an die Hoch-
206 644 908 704 fürſtl. Kanzley, u. erhielt von daher
205 693 918 751 die Ordre, daß er ſelbſt nach Marien-
201 746 925 802 born reiſen, u. den v. Lüdecke zurück
203 798 873 851 bringen ſolte, u. man wolle ihm
204 845 918 904 dazu offene requiſitoriales mitgeben;
210 895 896 956 welches auch geſchahe. Der Vormund
200 947 907 1005 kam am 1 Jan. 1744 wirklich in Ma⸗
205 998 880 1061 rienborn an, u. legte den daſigen
198 1049 921 1111 Beamten zuvörderſt ſein Anbringen
207 1094 923 1163 vor; worauf ſich dieſelben erklärten,
208 1140 925 1215 daß wenn der He. v. Lüdecke freywil⸗
204 1194 922 1258 lig mit ihm reiſen wolte, ihn niemand
205 1251 928 1310 daran hindern würde; wo aber nicht,
212 1295 925 1362 ſo werde ihn niemand nöthigen kön⸗
800 1358 911 1392 nen,
