1000 1611
789 123 803 176 7.
94 182 797 246 bete erstl. daß Er ihr alles vergeben
96 233 780 291 wolle, u. dann nannten sie Jhm noch
104 282 806 340 manches ganz besonders. Hierauf sagte
102 331 798 391 sie:"nun habe ich mit dem Hld über
99 383 820 444 alles ausgeredet, u. habe Jhn auch ge-
101 435 792 493 beten, mir es klar zu machen ob ich
102 492 800 554 bey dieser Gelegenheit zu Jhm gehen
101 546 800 607 werde: Er hat es aber nicht gethan."
107 598 797 657 Sie wurde darüber zurecht gewiesen,
98 655 785 715 u. der Spruch, den sie sich gezogen:
107 718 813 772 "Der in Dir angefangen hat das gute
98 755 811 825 Werk, der wird es auch vollführen bis
98 805 776 878 auf den Tag Jesu Christin war ihr
104 865 788 931 sehr tröstlich. Ein andermal hielt sie
94 920 824 982 noch eine gründliche u. sünderhafte Un-
97 970 827 1033 terredung, ihren Herzensgang betreffend,
102 1023 801 1088 u. sagte zulezt: Nun kaan mich nichts
98 1085 824 1142 mehr stören, ich mag nun heimgehen od.
100 1135 826 1195 wieder gesund werden, ich bin in den
104 1185 759 1242 Willen des l. Heilandes ergeben.
110 1237 835 1296 Ueber den Besuch verschiedener Geschwr
101 1287 787 1352 war sie sehr erfreut, u. bat öfters,
