1000 1611
184 108 255 166 186.
211 170 910 232 derbare Proben gehabt. Nur eins u.
213 228 914 282 das andere zu erwähnen, ſo fiel er
211 274 920 332 in ſeinem 6tn Jahre in eine Grube, u.
207 323 925 380 würde darinn ertrunken ſeyn, wen̅
208 366 931 430 nicht die Hand des Herrn jemand vorbey
213 422 930 482 gehen laſſen, der ihn schreyen hörte u.
206 468 935 528 errettete. Auf einer Reiſe von Ebers⸗
209 518 898 579 dorf nach Neu⸗Dietendorf ging der
212 566 932 635 Weg über einen Berg, an deſſen Fuß
207 619 916 677 die Saale vorbey ging. Der Wagen,
209 666 900 729 in dem er mit ſr Geſellſchaft ſaß,
218 715 929 787 fiel den Berg hinunter, u. überwarf
214 767 927 833 ſich etlichemal, daß das unterſte oben,
216 821 916 884 u. das oberſte unten hin kam. Alles
212 874 923 938 ging in einer ſolchen Geſchwindigkeit,
205 926 931 991 daß ſich niemand beſinnen konte. Ehe
207 978 921 1039 er aber zur Saale kam, blieb er an
213 1034 895 1091 einem Strauch liegen, u. niemand
215 1080 934 1139 hatte Schaden genom̅en. Von N. Die-
208 1131 936 1194 tendorf reiſte er einmal nach Erfurt,
213 1189 929 1244 u. als er von da weiter reiſte, kam
208 1235 900 1295 er in ein ſo tiefes Waſſer, daß er
211 1287 924 1353 im Wagen mit dem halben Leibe im
788 1331 922 1395 Waſſer
