1000 1611
198 110 264 182 14.
252 177 907 258 Zu Anfang des Jahres 1786 bekam
226 238 925 308 ſie ein Gallenfieber, u. blieb ſeitdem
217 278 923 362 kränklich. Jn der Hofnung, daß ihr ei⸗
213 331 900 416 ne Luftveränderung zur Erholung
232 387 918 459 dienen könte, that ſie eine Reise nach
226 436 879 511 Herrnhut, u. kam im Herbſt dem
213 494 934 571 Anſchein nach ziemlich munter zurück;
206 548 923 617 trat auch mit neuem Muth wieder in
207 599 918 675 ihre Stelle in der Mädchenſtube (wo
211 661 922 732 ſie ſchon einige Jahre als Mitaufſehe⸗
203 711 929 782 rin gebraucht worden) ein. Bey allem
205 765 899 831 guten Willen aber, denſelben mit
198 822 914 882 den ihr von Gott verliehenen vorzüg⸗
195 874 914 936 lichen Gaben ferner zu dienen, zeigte
199 930 923 995 ſichs doch bald, daß ihr die Kräfte dazu
205 983 920 1047 fehlten. Den folgenden Winter nahm
200 1032 882 1095 ihre Kränklichkeit zu. D. 28 Merz 87
199 1089 913 1148 reiſte ſie mit ihren Eltern nach Embs,
195 1136 925 1196 um einen dortigen Arzt zu conſuliren
174 1178 932 1263 kam aber d. 29ten äusſerst entkräftet
188 1247 932 1308 zurück, u. konte von da an wenig
181 1278 936 1361 mehr auſſer dem Bette seyn. Jn der
