1000 1611
187 113 248 179 190.
205 179 915 240 nen Schranken. Es lag im ſehr an, mit
212 228 891 285 jedermann, ſo viel auf ihn ankam, in
205 269 902 326 Liebe u. Friede zu bleiben; doch konte
205 320 913 381 er auch ernſtlich ſeyn, u. den ſchlechten
200 374 931 422 Dingen ſich mit Nachdruck widerſetzen.
220 419 934 479 Dieſes alles kam bey ihm aus Liebe zum
205 461 934 521 Heiland, die bey ihm immer zum Grunde
200 511 931 570 lag. Seine hinterlaßene liebe Witwe
208 554 928 622 ſchreibt: "Sein kindliches \u./ zutrauliches Herz
206 615 936 672 gegen ſeinen l. Herrn in allen Vorfallen⸗
208 661 933 724 heiten, ſeine unbeschreibliche Liebe, Zärt⸗
204 721 926 776 lichkeit, Treue u. Geduld, die er gegen
202 775 923 827 jedermann, u. ſonderlich gegen mich u.
203 818 928 880 ſeine Kinder, tagtäglich bewieſen, kurz
203 870 883 930 ſein edles Herz u. ganzer Charakter
201 919 932 972 wird mir bis an mein ſeliges Ende un-
202 964 736 1024 vergeßlich ſeyn u. bleiben".
215 1003 932 1071 Jn Conferenzen blieb er bey der Sache,
203 1055 904 1108 wovon die Rede war, und was dann
205 1095 911 1159 von ihm geſchenen ſolte, das ſuchte er
205 1150 932 1209 treulich zu thun nach der genom̅enen
202 1191 892 1257 Abrede. Gott ſey Dank für dieſen
206 1244 936 1304 uns ſo lieben Collegen! Wir bitten un-
208 1292 923 1355 ſern lieben Herrn, Er woll uns hinfort
212 1338 504 1394 mehr beſchern.
