1000 1611
726 128 792 173 45.
89 200 785 266 begnadigten Segenstag. Sonſt war die
83 258 777 314 Witterung in dieſem Monate unſern
84 307 794 367 Grönländern zu ihrer Erwerbung nicht
84 359 806 425 günſtig; zum Glück waren aber die hie⸗
83 409 803 475 ſigen hübſch mit Heringen verſehen, u.
88 461 815 524 die auswärtigen, die auch keine Seehunde
83 511 794 576 bekom̅en konten, kamen fleißig hieher,
85 574 814 629 um Heringe zu holen. D. 2 Febr. fey⸗
85 621 817 680 erten die Witwen ihr Chorfeſt mit den
87 670 814 733 gewöhnlichen Verſamlungen. Zum heut.
85 721 817 782 Geburtstag unſers l. Br. Meyers hatten
88 771 803 832 wir ein vergnügtes Liebesmahl. Er hat
89 821 776 878 nunmehr ſeine meiſte Lebenszeit in
88 869 801 929 Grönland zugebracht. D. 23ten bekamen
87 920 777 982 wir nach langer Zeit wieder einmal
98 971 806 1032 Nachricht von unſern Geſchwiſtern in
97 1020 822 1084 Kellingarſuk. Von Kangek u. Karosuk
94 1068 817 1135 haben wir die Zeit her viel Beſuch ge⸗
92 1122 832 1186 habt. D. 4 Merz wurden 2 Perſ. unter
102 1167 791 1237 Die Taufkandid. aufgenom̅en, u. am
87 1218 807 1286 11ten wurde Nongak mit Namen Joel
87 1256 807 1354 in Jeſu Tod getauft. Da eine ſolche
87 1318 823 1393 Handlung ſeit langer Zeit nicht vorgekom⸗
