1000 1612
744 145 805 175 19.
94 181 810 245 mit der Brüdergemeine fort, beſuch-
90 236 791 295 ten fleißig in Gnadenberg, wurden
94 288 792 355 daſelbſt a. 1749 in die Gem. aufge⸗
91 342 810 409 nom̅en u. gelangten auch bald zum
103 396 767 463 h. Amhl. Uebrigens machten ſie
103 449 796 521 ſich ein Vergnügen daraus, den Ge⸗
101 515 817 573 ſchwiſtern, wo ſie konten, zu dienen.
116 568 795 634 Jm Jul. 1765 kamen ſie mit der
87 625 809 691 led. Schw. Helene Wieſnerin (welche
94 685 785 745 er auch nach dem a. 1771 erfolgten
100 746 785 802 Heimgang ſeiner l. Frau, um der
94 787 811 852 vielen an ihr bewieſenen Treue wil-
88 847 810 908 len bey ihrem langwierigen Kranken
101 900 806 968 lager, zu ſeiner Pflegetochter an⸗
95 960 816 1025 nahm) hieher nach Neuſalze, woſelbſt
96 1020 826 1072 er in dem ſich neuerbauenden Gemeine⸗
103 1073 827 1123 orte die Handlung u. die damit ver⸗
95 1120 803 1178 bundene Spedition dirigiren ſolte.
100 1174 795 1241 Die Beſorgung der leztern behielt
101 1233 811 1296 er bis kurz vor ſeinem Ende, von
99 1284 789 1354 erſterer aber erhielt er auf ſeine
