1000 1611
198 125 257 187 176.
206 195 931 257 man auch einen jeden darauf zu führen
203 237 911 302 ſuchte, daß wir nicht uns ſelber leben,
205 282 923 355 ſondern dem, der für uns geſtorben iſt.
218 335 907 398 Er blieb dann bis ins J. 1746 in be⸗
207 386 914 451 ſagtem Seminario. Als in dieſem Jahr
198 439 887 503 der ſel. Ordinarius eine Reiſe nach
204 486 914 558 Holland u. England that, ging Br. v. Lü⸗
190 544 904 609 decke auch dahin, u. war nicht nur bey
192 596 868 662 den Synodo in Zeiſt, ſondern auch
194 641 885 710 bey dem, welcher in London gehalten
187 696 913 763 wurde. Ehe er aber dieſe Reiſe antrat,
183 741 868 808 wurde er in die Klaſſe der Arbeiter
188 797 879 860 aufgenom̅en, u. that auch eine Reiſe
194 844 902 912 nach Braunſchweig, um ſein Vermögen
195 903 895 957 in eigene Adminiſtration zu nehmen.
210 947 897 1011 Am 4 Jun. 1747 wurde er zur Ako-
190 992 887 1060 luthie aufgenom̅en, u. darauf zum
189 1037 905 1115 Vice⸗Pfleger oder Helfer der led. Brüder
188 1088 893 1161 in Herrnhut berufen; und in dem fol⸗
184 1141 863 1210 genden Jahre wurde ihm eben dieſes
182 1192 869 1258 Amt in Herrnhaag anvertraut. Er
189 1239 905 1307 hat vielmal geäuſſert, daß er bey Be⸗
178 1287 893 1367 dienung dieſes Amtes ſowol in Hhut
796 1355 863 1399 als
