1000 1611
187 114 249 157 20.
213 179 896 247 Bitte ſeine dimisſion. Uebrigens iſt
207 229 912 298 mit Dankbarkeit zu erwähnen, daß er
209 280 928 348 bey unſerm Kirchbau der Gemeine man
208 330 893 385 che reelle Dienſte erwieſen hat. Er
210 383 919 436 genoß eine dauerhafte Geſundheit, u.
205 426 927 485 ſelbſt in ſeinem hohen Alter betrieb er
205 477 914 543 ſeine Geſchäfte mit jugendlicher Mun⸗
204 524 910 596 terkeit. u. mit ſolcher pünktlicher Red⸗
204 576 908 649 lichkeit, daß er ſich viele Hochachtung
196 635 886 693 dadurch erwarb. Weil er aber von
197 680 925 754 anderen Leuten gleichfalls ſtrenge Red⸗
201 735 876 799 lichkeit erwartete, u. wo er dieſes
196 782 885 854 nicht fand, ſein Mißfallen darüber
200 836 923 909 ohne Rückſicht äuſſerte, ſo zog er ſich
205 893 924 950 dadurch manche Unannehmlichkeiten
205 946 926 1003 zu, die er ſich hätte erſparen können.
204 999 929 1050 Ueberhaupt war er von einer feu⸗
194 1036 914 1104 rigen Gemüthsart, u. da viel Selbſt⸗
202 1097 917 1150 gerechtigkeit damit verbunden war,
193 1142 910 1208 die ſich auf ſeinen unbeſcholtenen Wan⸗
196 1191 865 1253 del gründete, ſo hielt es zuweilen
200 1249 880 1305 ſchwer, ihn davon zu überzeugen,
196 1295 926 1365 daß ein Kind Gottes die Beleidigun⸗
798 1358 906 1404 gen
