1000 1610
722 118 802 159 181.
77 178 790 239 Evangel. Brüdergemeine, u. ſämtlichen
75 219 781 288 Mitgliedern der Evangelischen Brüder⸗
76 272 741 338 Unität alle u. jede den übrigen
70 325 803 392 Landes⸗Einwohnern competirende Frey–
73 375 811 445 heiten u. Rechte zugeſtanden u. ſelbige
67 432 800 498 inſonderheit bey dem freyen öffentlichen
69 479 800 550 Religions⸗Exercitio u. der bey den Ev–
71 533 806 611 angeliſchen Brüdergemeinen hergebrach-
77 590 744 659 ten Diſciplin u. Ordnung geſchüzt
79 640 785 703 werden ſollen. – Nach dem Synodo der
77 686 787 760 Unität im J. 1764 wurde er Gemein⸗
76 737 535 804 helfer in Neudietendorf.
79 784 803 859 Unſer l. Br. v. Lüdecke war auch Vor-
70 839 797 910 ſteher der Brüdergemeine in Ebersdorf,
75 890 797 958 und als der Landesherr a. 1761 derſelben,
73 942 786 1010 eine Concesſion zur Erweiterung ihres
84 991 795 1062 Anbaues verliehe, wurde er Lehnträ⸗
76 1039 790 1112 ger dieſes Etablisſements, mithin der
74 1088 805 1160 Mittelsmann zwiſchen der regierenden
73 1136 704 1214 Landesherrſchaft u. der Gemeine.
104 1187 798 1262 Der sel. Ordinarius, der ſich viel Mü⸗
73 1238 795 1313 he zu geben pflegte, ſeine Mirarbeiter
75 1288 790 1372 gründlich kennen zu lernen, hatte un-
