1000 1611
168 132 239 204 168.
196 205 927 262 vor denen er viel Achtung hatte, waren
204 248 895 306 dagegen; unter dieſen war auch der
204 297 888 357 bekannte Paſt. Allendorf in Köthen,
204 344 923 409 bey dem er ſich einige Wochen aufhielt,
202 396 914 462 um wegen ſeiner geſchwächten Geſund⸗
211 445 923 510 heit den Brunnen zu trinken. Sein
207 493 920 563 Herz wurde aber dadurch nicht beruhigt.
202 547 905 606 Da wendete er ſich mit Gebet u. Fle⸗
203 596 911 664 hen zu Jeſu Christo, dem Freunde der
198 648 921 710 armen Sünder, u. bat Jhn auf ſeinen
203 698 922 761 Knien aufs herzlichſte, daß Er ihm über
196 754 864 808 dem, was er nach Seinem Sinn u.
205 797 927 866 Wohlgefallen zu thun hätte, Gewißheit
207 855 931 916 ſchenken wolte; und Er erhörte in Gna⸗
196 904 887 969 den ſein Gebet, u. machte ſein Herz
205 961 924 1020 getroſt, zur Brüdergemeine zu gehen.
198 1009 914 1074 Damit legte er ſich zur Ruhe, u. dachte
193 1061 923 1123 bey ſich: Wenn mir doch der l. Hld nun
196 1112 905 1176 auch ein Zeichen Seines Willens geben
195 1164 924 1223 wolte! Und ſiehe! früh um 4 Uhr kam
204 1222 907 1276 ſein Freund, der sel. Br. v. Gablenz,
198 1273 914 1319 der bisher ihm im̅er, wenn davon die
204 1313 926 1387 Rede war, ob Br. Lüdecke zur Gemei-
837 1365 909 1395 ne
