1000 1610
83 178 780 240 wurde, war er auch einer der Brüder,
78 225 797 288 die dazu ernannt wurden. Er war auch
75 277 764 344 ein ſehr theilnehmendes Herz, u. zog ſich
76 324 765 390 nicht zurück, wenn in Bedienung der
82 369 805 446 Sache des Hldes hier u. da ein Aufwand
67 430 807 496 oder Hülfe nöthig war. Gott, der es merkt,
79 480 804 545 u. nicht vergißt, wirds den lieben Sei-
76 528 785 591 nigen noch in Gnaden gedenken, dar⸗
78 575 753 644 auf können ſie ſich gewiß verlaſſen.
111 625 783 693 Im J. 1758 trat er in Herrnhut in
85 677 792 743 ſeine zweyte Ehe mit der led. Schw. Hed-
76 725 773 792 wig Charlotte v. Krunenkampf. Mit
83 778 793 840 dieſer lebte er 13 Jahre in vergnügter
76 831 789 895 u. mit 4 lieben Töchtern geſegneter Ehe,
77 885 767 941 von welchen die 3 jüngſten hier noch
79 926 794 995 lebenden den großen Verluſt ihres zärtl
82 985 807 1043 geliebten u. treuen Vaters mit uns be-
74 1034 745 1093 weinen. Sie reiſten hierauf mit
82 1076 783 1149 Geſchw. Johannes u. Benigne v. Watte-
72 1126 754 1196 ville nach Holland. Im Dec. dieſes
81 1176 767 1244 Jahrs begleitete er den Br. Johannes
71 1228 794 1298 auf ſeiner Viſitationsreiſe nach Neu-
67 1279 791 1353 wied. Ao 1759 war er mit dem Jün⸗
737 118 808 176 183.
