1000 1611
187 127 220 186 6.
206 186 885 251 mit krampfhaften Umständen (doch
205 236 905 299 immer nur auf kurze Zeit) befallen
201 284 914 353 wurde. Jhr Gemüth war meistentheils
206 336 898 400 heiter, ſo daß ſie öfters andern zur
207 388 895 451 Aufmunterung diente. So war sie
202 438 885 489 auch noch den Abend am 11. Febr. 87
205 484 905 552 da sie sich schon etwas unpäßlich fühlte
201 552 909 594 recht aufgeräumt, u. sagte: "ich wer-
202 599 914 645 de euch hurtig einmal davon fliegen"
203 649 906 697 - aber weder ihr noch uns fiel es ein
194 693 866 755 daß es so geschwind geschehen würde.
208 746 909 800 D. 12ten wurde sie ernstlich krank an ei
200 801 896 853 nem heftigen Fieber. Sie ertrug alle
201 840 887 902 Schmerzen mit Geduld, war für die
197 893 907 956 gute Pflege  u. Wartung, die sie genoß
200 946 897 1007 sehr dankbar, u. sagte: "ich bin es ja
196 995 902 1056 nicht werth, ihr macht es gar zu schön
198 1044 877 1104 mit mir". Dabey dachte sie öfters
195 1096 897 1145 an die andren Armen u. Kranken
196 1137 903 1202 im Hause. Einmal begehrte sie ganz
195 1193 913 1252 alleine zu seyn, ließ sich aber vorher
196 1240 903 1308 ihr Spruchkästchen geben. Man hörte
201 1294 901 1366 sie ganz laut u. beweglich zum Hld
764 1340 895 1392 beten,
