1000 1560
143 52 190 104 14.
407 73 670 136 27ſte. Woche. I.
210 144 891 204 am Herzen liegt. Unterlaßet auch
210 190 891 246 nicht, mit einander Haus⸗Conferen-
215 228 512 278 zen zu halten.
227 265 902 316 18.) Richtet gleich von Anfang, ja von
207 309 882 355 Petersburg aus, eure Haushaltung
207 344 902 398 aufs menagirlichſte ein, u. ſuchet alle
206 387 889 444 unnöthige Ausgaben zu erſparen;
209 435 873 481 wenn euch auch von der Kayſerin
205 474 889 520 alles, was ihr nur verlanget, vor⸗
206 513 884 565 geſchoßen werden ſolte, ſo müßt
206 554 860 603 ihr doch um deswillen, daß ihrs
206 590 893 641 haben kön̅t, keinen Rubel oder
209 630 890 685 Copecken mehr ausgeben u. auf das
209 675 906 725 Conto Schulden machen. Denn es
208 712 897 764 kom̅t doch einmal die Zeit, da es
208 757 900 809 von euch oder der Gem. wieder bezahlt
206 798 894 848 werden muß, u. es läuft alles
202 837 878 891 auf Rechnung der Colonie. Eine
207 878 906 925 unbeſonnene Oeconomie der erſten
210 915 910 970 Anfänger der Colonie macht es den
208 959 885 1011 Nachkom̅enden ſchwer, bringt deren
211 1002 886 1053 Seufzen auf ſie u. ruinirt den
208 1043 911 1094 Segen u. Gnade, der ſonst auf ihnen
211 1079 460 1133 ruhen würde.
234 1118 896 1174 19.) Wenn ihr an eurem Orte ſeyd,
212 1157 845 1211 ſo ſehet euch die Umſtände des
206 1200 900 1252 Landes recht an, was da vor Pro-
205 1238 921 1295 fesſiones u. andere Nahrungs⸗Mittel
193 1282 908 1348 gehen; hütet euch vor unzeitigen, weit
820 1320 902 1355 aus-
