1000 1560
142 42 195 101 16.
396 65 666 137 27ſte Woche. I.
209 136 872 195 faſt allgemeine Gewohnheit iſt, ſo
211 186 890 228 wollen wir auch davor aufs aller⸗
211 221 866 273 ernſtlichſte warnen u. euch bitten,
210 259 887 312 darinnen auf euch ſelbſt u. auf
209 302 901 353 einander Acht zu haben. Wie man⸗
207 339 863 396 ches gutes Gemüth iſt dadurch an
210 383 896 431 Leib u. Seele ruinirt u. in die größ⸗
202 422 894 475 ten Sünden gebracht worden. Erweh⸗
207 464 900 515 let unter euch einen Bruder, der dar⸗
213 507 892 556 innen exemplarisch iſt, daß er den
213 546 894 598 Wein, Brandtewein p. in eurem Hau⸗
209 587 887 640 ſe unter ſeiner Hand habe u. das
213 627 559 678 nöthige ausgebe.
245 661 889 719 22.) Gegen alle obrigkeitliche Per⸗
213 707 877 758 ſonen bezeiget euch ehrerbietig u.
213 745 902 803 zutraulich; laßt euch aber ja nicht
211 788 904 834 in zu große Familiaritæt ein: denn
215 825 874 880 dadurch kan man, ehe man ſichs
215 869 897 924 verſieht, in Sachen gezogen werden,
215 912 901 963 da man nicht mehr zurück kan, ohne
228 954 675 1002 Feindſchaft zu erregen.
236 993 890 1040 23.) Das merket euch auch in⸗
214 1032 891 1087 ſonderheit, wenn euch ein Kayſer⸗
212 1074 866 1131 licher Com̅isſarius mitgegeben
217 1121 519 1159 werden ſolte.
237 1149 871 1202 24.) Solte euch von der Miliz
215 1192 889 1246 eine Begleitung zugeordnet wer⸗
213 1236 890 1286 den, ſo wol auf der Reiſe, als in
216 1274 891 1331 der neuen Colonie; ſo behandelt
826 1309 875 1354 ſie
