1000 1560
784 72 820 118 5.
297 85 537 138 Historica.
107 149 776 206 folgenden Tag wurden wir in das
106 195 776 244 vor uns von ihnen ſchon beſtellte
104 232 779 285 Logis bey Geſchw. Ferbers gebracht.
104 268 795 326 Wir fingen gleich mit vielem Vergnü⸗
104 312 783 364 gen unſere Morgen⸗ u. Abend⸗Litur⸗
103 351 800 403 gien an, u. der l. Heyland bekan̅te
105 390 784 442 ſich eben ſo dazu, als wir es bey
103 427 789 482 Lübeck u. Travemünde in den Gebü⸗
107 471 783 524 ſchen u. auf den Feldern ſchon genos⸗
107 513 785 558 ſen hatten. Nachdem wir ein we⸗
109 546 782 598 nig ausgeruhet hatten, ſo übergab
106 587 803 638 uns Br. Fries die vom Directorio für
105 623 791 682 uns abgefaßte u. verſprochene In⸗
106 667 750 721 struction. Nachdem ich ſelbige
107 705 778 760 etlichemal mit Attention u. Ver⸗
109 748 807 799 gnügen durchgeleſen, ſo kamen auf
104 790 777 836 unſer Verlangen die Brr. Fries u.
110 827 774 877 Westmann auch zu uns, um mit
109 865 797 921 uns gemeinſchaftℓ. dieſe nach unſer
114 906 785 962 aller Herzen aufgeſezten Puncte
113 946 794 994 vorleſen zu hören. Wir hielten
116 981 784 1040 bey dieſer Gelegenheit über verſchie⸗
105 1025 789 1073 dene Sachen, die uns anlagen, eine
108 1061 777 1121 ausführliche Conferenz, in welcher
110 1105 785 1160 auch ausgemacht wurde, daß wir
109 1140 786 1192 Morgen als am 4tn Jun. ins Aller⸗
109 1179 758 1230 heiligſte gehen wolten, um mit
121 1219 776 1272 Jeſu theurem Leichnam u. Blute
108 1266 785 1319 u. zwar zum erſtenmal in dieſem
674 1303 783 1353 Lande
