1000 1559
797 53 855 110 21.
323 62 566 117 Historica.
136 129 787 199 ſagt auch ein rechtſchaffenes Rußi⸗
136 180 619 235 ſches Herz Ja u. Amen.
161 219 800 281 29.) Jhr trefft auch in der Gegend,
128 263 816 316 wo euch der Heyland hinſtellt, ganze
124 301 803 354 Nationen Heyden u. Mahomedaner
123 342 807 392 an. Was ihr nun unter denen thun
127 382 819 433 ſollt, darüber können wir euch noch
128 421 808 476 vor die Zeit keine Special-Instru-
125 463 816 517 ction geben. Unſer Beruf iſt, das
125 503 809 551 Evangelium unter die Nationen der
125 541 811 596 Erden zu bringen, beſonders wo Chri⸗
124 581 799 637 ſtus noch nicht bekan̅t iſt. Es kom̅t
123 625 777 681 dabey auf unſern l. HErrn an,
121 660 805 716 wenn Er Seine Stunde vor eine Na⸗
121 701 793 759 tion will ſchlagen laßen. Geht ihr
119 745 801 799 indeß mit einem nach dem Heyl ih⸗
118 789 805 837 rer Seelen hungrigen Herzen hin, u.
120 823 799 873 wenn ihr Heyden u. Mahomedaner
121 869 779 918 ſehet, ſo betet, weinet u. denket
120 905 793 954 über ſie. Jhr werdet wol ſo bald
117 944 819 1000 mit ihnen nicht reden können. Empfeh⸗
116 987 771 1036 let ſie indeß dem treuen Herzen
121 1023 790 1082 Jeſu, habt ſie lieb u. behandelt
120 1069 807 1122 ſie auch äußerℓ. liebreich. Laßt
116 1109 798 1154 euch aber nicht mit Presenten an
125 1153 795 1203 ſie auf ſo eine Weiſe ein, die ihr
115 1185 812 1237 nicht continuiren kön̅et. Man kan
115 1229 805 1284 aus guter Meynung es in derglei⸗
116 1272 792 1329 chen Sachen im Anfang verderben,
701 1313 790 1354 daß
