1000 1560
165 73 204 133 6.
430 82 700 143 27ſte Woche. I.
238 154 915 205 Lande, ſacramentℓ. geſpeiſt u. getränkt
237 202 925 249 zu werden. Wir freuen uns alle dar⸗
238 238 929 286 auf, weil es uns lange deucht, daß
237 279 847 326 wir kein AMhl gehabt haben.
254 315 915 368 Wie lang oder kurz die Zeit unſers
237 355 893 409 Aufenthalts hier währen möchte,
240 398 906 445 wißen wir noch nicht. Es ſcheint
235 434 896 490 aber doch vor die Zeit ſo, daß es
234 478 912 523 nicht gar zu lange werden würde.
240 513 927 564 Wir alle, Mann vor Mann, grüßen
238 552 928 598 insgeſam̅t mit vieler Zärtlichkeit
235 594 908 648 alles, ja alles. Unſer l. HErr
240 634 907 683 wird Sein Herze ferner mit uns
240 673 918 722 ſeyn laßen; denn wir ſind ja Sei⸗
236 711 849 769 ne Leute, die auf Jhn ſehen.
273 782 919 846 2.) Die Instruction der Astracaner
342 836 813 882 Brüder, vom Directorio:
359 881 799 940 Allerliebſten Brüder,
242 947 904 999 Wir haben bey eurer Abfertigung
235 990 921 1041 verſprochen, euch noch eine Instruction
234 1035 901 1082 nachzuſenden, u. da wollen wir
235 1067 904 1124 auch hiedurch in Jeſu Nähe aufs
235 1110 914 1166 zärtlichſte küßen u. auch folgen⸗
237 1152 632 1198 de Puncte melden:
265 1183 901 1243 1.) Jhr ſeyd vom Heyland dazu
240 1229 911 1279 geſandt, daß ihr die 2te Gemeine,
234 1267 912 1322 die Er von der erneuerten Brüder⸗
813 1303 913 1357 Kirche
