1000 1559
129 45 185 108 10.
386 51 667 112 27ſte Woche. I.
224 128 875 187 8.) Wir können euch nicht verhalten,
195 174 869 220 daß ihr in ein Land kom̅t, wo der
198 213 857 266 Fürſt der Finſterniß noch große
194 253 885 304 Gewalt hat u. er nicht ſo gebunden
195 289 874 346 iſt als anderwärts. Auf ſolchen
197 328 878 388 Poſten müßen ſich die Diener Jeſu
191 375 868 428 gar nahe zu ihrem HErrn halten,
192 416 862 467 ſich unter einander veſte zuſam̅en
196 451 871 510 ſchließen u. nicht aus ihrer Veſtung
193 497 863 549 weichen; ſonſt ſind ſie in Gefahr
190 543 867 592 u. kön̅en in unſelige Umſtände
194 579 396 632 gerathen.
228 614 863 664 9.) Wir bitten dahero unſern l.
199 657 860 710 HErrn angelegentℓ., daß Er euch
190 693 870 755 in wahrer Liebe, Einigkeit u. Herz⸗
191 737 866 790 Vertraulichkeit nach Seinem Gebet
190 776 868 828 Joh. XVII. zuſam̅en erhalte, u. keine
195 822 850 870 Trennung der Geiſter unter euch
189 860 868 908 vorkom̅e. Vergebt einander balde,
190 895 862 953 u. laßt nichts alt werden, u. re⸗
188 938 799 988 det fleißig mit einander aus.
214 976 846 1034 10.) Beſonders thut ſolches vor
188 1019 874 1069 einem jeden AMhl. Der Heyland
190 1058 859 1109 wird euch ſodann eben das dabey
188 1101 865 1151 genießen laßen, was wir in der
197 1141 865 1202 Gem. in dem Sacrament ſo ſeligℓ.
188 1183 394 1231 erfahren.
215 1218 850 1276 11.) Wenn ihr Conferenz habt;
188 1269 872 1333 ſo ſey ein jeder mit der gehörigen
754 1302 868 1349 Awe
