1000 1559
137 55 196 108 20.
394 58 695 122 27ſte Woche. I.
207 126 887 183 ihr Leute des Heylands u. ein eige⸗
198 171 888 227 nes Volk Gottes ſeyd. Den Grund
202 211 882 270 der Hofnung, die in euch iſt, kön̅t ihr,
205 259 884 303 wenn ihr von jemand drum befragt
205 293 888 346 werdet, darlegen u. Gottes Menſch⸗
204 333 883 384 werdung, Marter u. Tod beken̅en.
205 374 887 429 Aber hütet euch aufs ſorgfältigſte,
201 417 882 471 euch mit Rußen in Dispute über Reli⸗
204 459 884 511 gions⸗Sachen einzulaßen u. das ge⸗
201 498 894 556 ringſte gegen ihre Principia, Kirchen⸗
202 540 867 592 Verfaßung u. geiſtℓe Perſonen zu
201 576 880 635 reden. Jhr habt keine Notiz davon
200 622 896 673 zu nehmen, wenn ſich leztere in ihrem
207 662 894 712 Wandel auch noch ſo ſchlecht aufführen.
207 699 840 752 Wir ehren die Rußiſche Kirche als
201 738 897 790 eine alte Kirche u. beten vor ſie, daß
201 780 878 834 der heiℓ. Geiſt auch in derſelben ſich
201 826 870 875 kräftig beweiſen u. viel tauſend
202 858 887 913 Herzen durch Jeſu Blut ſelig machen
201 903 880 955 möge. Was der Heyland in künfti⸗
199 940 879 990 gen Zeiten an derſelben thun will,
200 978 871 1033 u. ob ihr nicht eine eigene Gnaden⸗
209 1021 877 1080 Heimſuchung bevorſteht, das über⸗
201 1066 885 1113 laßen wir Jhm; uns liegts nur an,
201 1103 880 1158 daß wir Jhm mit Wort u. That nichts
202 1147 884 1195 verderben mögen. Es iſt in der Rußi⸗
202 1183 879 1239 ſchen Kirche die Grundlage gut, u. zu
197 1223 862 1276 der ſimplen Geſchichte von Gottes
201 1261 885 1323 Zukunft ins Fleiſch, Wunden u. Tod,
785 1308 874 1359 ſagt
