1000 1559
807 56 857 106 11.
348 72 545 122 Historica.
138 129 812 194 Ave u.Gegenwärtigkeit des Gemüths
138 172 818 230 vor dem Angeſichte Jeſu dabey, da⸗
132 218 805 273 mit Er ſich zu euch neige u. euch
131 257 688 308 nach Seinem Herzen rathe.
149 291 827 345 12.) Die Wochen u. Nachrichten leſet
134 332 814 388 fleißig mit einander. Jhr werdet
130 376 787 427 von dieſem Jahre an dieſelben
132 414 793 465 ordentℓ. bekom̅en. Seyd auch in
130 454 805 507 der Ferne darauf attent, was der
130 493 830 554 Geiſt den Gemeinen ſaget, auf daß
128 537 830 587 ihr mit der Gem. in allerley Gnade
126 571 818 631 u. Erken̅tniß fortwachſet u. nicht
129 621 798 665 etwa zurück bleibet. Wir em⸗
130 653 798 711 pfehlen euch auch noch beſonders
125 696 806 755 die Lection der Reden des ſeℓ. Jün⸗
123 741 816 793 gers, in denen unſere Gemeinen
125 777 753 830 eine ſo ſelige Weihe finden.
156 821 814 871 13.) Jn den dortigen Landen hat
128 857 798 912 in Specie der Geiſt der Unreinig⸗
123 899 821 951 keit gar eine große Macht, u. die
123 937 810 993 fleiſchlichen Sünden ſind eine all⸗
122 981 818 1031 gemeine Seuche. Daher habt ihr
123 1015 823 1075 über die heiln. Chor⸗Principia zu
121 1056 825 1112 halten u. euch inſonderheit vor dem
128 1095 789 1159 weiblichen Geſchlechte in Acht zu
123 1145 825 1194 nehmen, damit nicht etwa jemand
122 1177 811 1235 durch Betrug der Sünde falle u.
122 1217 809 1276 den Heyland, ſich u. uns betrübe.
132 1259 805 1326 Bewahret eure Seelen keuſch u.
706 1305 799 1346 eure
