1000 1560
820 42 876 102 15.
318 66 548 121 Historica.
124 136 797 189 ausſehenden u. halb unmöglichen Pro-
125 177 815 235 jecten, die Zeit u. Unkoſten erfordern,
119 216 811 269 u. da am Ende doch nichts heraus kom̅t
124 256 811 310 als Schaden. Es werden wol aller⸗
119 299 793 350 ley Praeſentationes kom̅en; überlegt
124 339 815 393 ja alles gut, ehe ihr in etwas entrirt.
125 381 819 437 Hütet euch inſonderheit, in eine Hand⸗
121 422 813 474 lungs⸗Compagnie mit jemand aus⸗
120 473 481 517 ſer euch zu treten.
149 500 821 554 20.) Jn dem Com̅ercio u. allem Han⸗
119 541 809 594 del u. Wandel, beweiſet euch als
123 584 780 631 die Diener Gottes. Richtet euch
121 624 800 676 aufs pünctlichſte nach den Landes⸗
125 666 815 717 Geſetzen, u. vermeidet allen böſen
119 703 815 755 Schein, als ob Unrichtigkeiten unter
122 746 577 789 euch vorkom̅en könten.
599 745 810 798 So muß
120 783 844 837 von euch z. E. kein Contraband⸗Handel
121 825 815 878 oder verbotene Waaren, oder Vervor⸗
124 866 775 916 theilung der Accise oder Zölle je
121 910 810 961 gehöret werden. Ein Bruder, der
121 947 805 1005 dergleichen thut, verſündiget ſich ſo
126 997 806 1041 wol an ſeinem HErrn, der uns be⸗
121 1027 804 1086 fohlen hat, der Obrigkeit unterthan
123 1070 807 1124 zu ſeyn, als auch an ſeinem Volke,
122 1113 777 1160 der Gemeine, der er dadurch eine
124 1151 817 1209 Schmach zuzieht u. ſie um ihren guten
121 1197 406 1237 Namen bringt.
142 1228 805 1281 21.) Weil in Rußland der Miß⸗
118 1273 801 1334 brauch des ſtarken Getränkes eine
718 1313 800 1367 faſt
