1000 1560
798 48 862 109 13.
298 82 509 133 Historica.
117 144 784 199 reren Geſchwiſtern Anſtand haben.
140 187 789 236 16.) Wegen eurer äußern Einrichtung
116 227 759 275 ſind wir noch nicht im Stande euch
117 262 781 314 viel Inſtructiones zu geben, weil
114 304 782 352 uns die Umſtände des dortigen
117 344 796 394 Landes zu wenig bekan̅t ſind. Der
118 387 764 442 Heyland wolle euch auch darinne
114 428 774 479 mit Seinen Augen leiten. Jn den
120 468 790 521 Conferenzen, die wir mit Br. Fries
115 510 772 558 u. Westmann u. nachher mit Br.
112 548 762 599 Daniel gehalten, iſt alles das
116 590 807 645 enthalten, was wir euch vor die Zeit
113 635 373 680 ſagen können.
148 666 757 724 17.) So wie es bey dem Anfang
114 714 811 766 aller unſrer Colonien bisher geweſen
114 755 792 805 iſt, ſo wird auch eure Oeconomie zu⸗
114 791 795 847 erſt eine gemeinſchaftliche Haushal⸗
108 837 803 886 tung ſeyn, von der alle Brüder mit
112 873 786 929 dem nothdürftigen beſorgt werden,
111 916 802 962 da auch das, was ein jeder verdient,
109 953 803 1009 der Com̅un gehört. Jhr ſeyd auch in
114 1001 797 1053 der Jder von uns abgefertiget wor⸗
111 1040 788 1090 den, u. der Heyland wird es euch
117 1080 787 1128 zum Segen anſchreiben, wenn ihr
115 1122 806 1170 auch im äußern alle Treue bewei⸗
122 1157 795 1209 ſet u. ein jeder ſeine Arbeit als
113 1193 797 1252 dem HErrn Chriſto thut u. keiner
112 1240 816 1294 ſein Privat-Interesſe ſucht, ſondern
114 1276 774 1345 jeglichem das Beſte des Ganzen
711 1314 785 1355 am
