1000 1560
810 48 863 104 17.
317 73 559 128 Historica.
125 138 797 194 ſie liebreich; ſucht ſie durch Wohl⸗
122 182 780 228 thun zwar zu gewinnen, aber ſo,
124 216 793 269 daß auch daraus kein Mißbrauch
118 256 809 310 entſtehe u. ſie, wenn ihr zu weit gegan⸗
121 300 816 348 gen u. nicht in der Maaße continuiren
122 335 818 389 kön̅t, grob u. wild werden u. es erzwin⸗
122 380 814 428 gen wollen. Da wir auch Exem⸗
126 416 813 471 pel haben, daß mancher Bruder aus
120 461 815 518 guter Meynung ſich mit ſolchen Leu⸗
116 504 809 560 ten zu nahe eingelaßen u. ſich ſchwere
122 544 797 592 Umſtände dadurch zugezogen hat;
122 585 814 640 ſo merkts euch zur Regel, ſich nicht zu
121 624 730 672 familiair mit ihnen zu machen.
146 665 815 711 25.) Die deutſchen u. andern prote⸗
121 702 825 754 stantiſchen Ausländer werden euch wol
120 744 804 794 als Landsleute u. auch wol als Reli⸗
120 784 814 838 gions⸗Verwandte anſehen, u. wie es
118 825 800 873 in dergleichen fernen Gegenden Ge⸗
120 863 789 917 wohnheit iſt, eure Bekan̅tſchaft und
123 904 797 962 Freundſchaft ſuchen; u. wir ſind
113 949 790 999 nicht ohne Hofnung, daß euch der
125 989 787 1043 Heyland an manchen unter ihnen
117 1027 803 1079 zum Segen ſetzen wird. Es ſind
121 1067 819 1119 aber ordinair dergleichen Leute, ſon⸗
114 1111 797 1163 derlich wenn ſie ſich ſchon länger in
118 1150 814 1202 ſolchen Ländern aufgehalten haben,
117 1189 780 1242 ſehr verdorben u. nach dem Genio
122 1230 784 1280 des Landes formirt. Darauf
120 1272 795 1335 müßt ihr attent ſeyn, daß ſich
690 1311 796 1365 nichts
