1000 1559
130 49 184 103 18.
416 70 693 128 27ſte Woche. I.
201 136 827 195 nichts dergleichen in euch flechte.
198 181 866 228 Jſt ihnen mit dem Evangelio gedient,
193 213 879 275 ſo kön̅t ihr ihnen den Tod des HErrn
196 258 875 309 verkündigen u. euch ihrer annehmen,
196 295 884 349 aber vorerſt doch nicht anders, als
194 335 863 390 auf Diaspora⸗Fuß; u. es muß
194 379 873 426 euch nicht einfallen, ſie in die Gem.
194 420 871 473 aufzunehmen oder zum AMhl zu
196 463 428 510 aemittiren.
224 497 879 553 26.) Krigt ihr Gelegenheit, mit den
192 547 876 592 neuen Colonisten in Saratow um⸗
194 581 844 633 zugehen u. in Bekan̅tſchaft zu
191 621 889 670 kom̅en, ſo beweiſet ihnen alle Liebe,
189 660 872 714 u. Freundſchaft u. ſuchet ihr Beſtes
191 705 876 753 zu befördern: Unſern l. Jannet
194 740 884 794 ſehet als euren Bruder an, tröſtet
197 784 887 833 u. unterſtützet ihn in ſeinem Amte
191 822 885 875 mit eurem Gebet u. guten Rath. Er
191 864 882 918 muß ſich zwar hüten, daß er nichts
192 903 870 956 thue, was ſeinem Amt u. Chara⸗
194 944 867 996 cter nicht gemäß iſt; es iſt aber
193 986 875 1040 doch eine große Differenz zwiſchen
188 1030 866 1076 dem, was ein Prediger, der unter
189 1066 883 1125 einem Conſistorio in Deutſchland
192 1106 871 1159 ſtehet u. eingeſchränkt iſt, u. zwi⸗
193 1151 863 1202 ſchen dem, was, ein Prediger auf
194 1188 737 1243 ſo einem Poſten thun kan.
229 1225 880 1278 27.) Was wir euch wegen Br. Ren-
188 1265 867 1331 tels, desgℓ. wegen der Brr. Brandt
792 1304 836 1350 u.
