1000 1560
784 83 817 143 9.
305 102 539 156 Historica.
100 168 758 230 ſondern ſchon zum voraus alles ge⸗
102 214 522 261 hörig bedacht werde.
111 249 758 300 6.) Ihr unter einander richtet euch
93 292 768 341 gleich Gemeinmäßig ein, ſo klein
98 329 784 382 auch eure Anzahl iſt. Weyhet dem
99 369 782 420 Heyland euren Platz mit Gebet u.
101 410 771 464 Thränen, u. bittet Jhn, daß Er in
99 454 774 502 eurer Mitte, ſo wie Er in Seiner
101 487 788 542 Gem. gewohnt iſt, wandele u. euch
99 528 781 585 alle Tage beſuche, ſegne u. ſalbe.
111 574 767 618 Fanget auch gleich eure Haus⸗Li⸗
100 609 775 657 turgie u. Verſam̅lungen, Morgen⸗
100 647 751 695 u. Abendſegen an, u. laßet das
107 682 785 741 Wort Gottes reichℓ. unter euch wohnen.
149 726 758 779 7.) Vor allen Dingen laße ſich
104 768 781 816 ein jeder anliegen, daß er im Spe-
106 806 777 858 cial-Umgang mit dem Heyland
98 846 782 896 im rechten Gange ſey u. bleibe,
103 890 746 941 u. nie eine Fremdigkeit zwiſchen
106 925 767 975 Seinem u. eurem Herzen werde.
111 957 769 1019 Wir rathen euch daher, daß ihr zu
107 999 792 1058 dem Ende bald das Stunden⸗Gebet
106 1038 788 1095 einrichtet u. ein jeder Bruder alle
115 1076 776 1135 Tage eine Stunde dazu ausſetze,
108 1120 786 1170 über ſein Herz, eure Colonie u. die
109 1163 760 1213 ganze Kirche Jeſu mit dem Hey⸗
101 1207 786 1251 land auszureden. Er ſchütte Seinen
120 1239 772 1294 Geiſt u. Feuer auf dieſes kleine Chor,
116 1280 725 1346 u. ſalbe euch zu Seinen Prieſtern.
718 1313 758 1369 8.)
