1000 1560
160 75 195 146 4.
426 83 718 148 27ſte Woche. I.
225 159 908 212 wegen des Windes warten, u. nach⸗
225 198 882 249 dem wir etℓe Tage in Travemünde
234 240 921 292 zugebracht, wurden wir ans Schiff
228 281 889 330 gerufen. Der Wind änderte ſich
223 319 908 376 aber ſogleich u. wurde uns contrair,
229 358 906 412 ſo daß wir allda noch 9 Tage lie⸗
225 401 909 453 gen mußten.  D. 20tn May gegen
228 437 901 487 Abend wurde der Wind gut, u. des
228 481 902 529 andern Tages Morgens um 3 Uhr
228 519 912 570 gingen wir unter Segel. Der Wind
222 552 906 610 war bald gelind, bald ſtark, bis
228 596 913 652 wir d. 29tn auf der Rhede von Cron-
225 638 921 689 stadt vor Anker kamen. Wir waren
223 678 918 727 von Herzen froh u. unſerm l. HErrn
223 722 936 767 dankbar, weil eine lange See⸗Reiſe
226 757 908 806 durch 52 Pasſagiers auf einem nicht
228 793 908 853 gar zu großen Schiffe ſehr beſchwer⸗
227 836 901 887 lich worden wäre. 34 von ihnen
227 873 912 923 waren Colonisten, alle aus Frank⸗
226 909 863 965 reich u. verſtunden kein deutſch.
226 949 917 1010 Nachdem wir des Zolles wegen faſt
230 994 884 1046 3 ganze Tage nicht vom Schiffe
228 1039 893 1085 gehen dürfen, ſo kamen wir in
222 1069 901 1122 der Nacht zwiſchen d. 31tn May u.
227 1112 876 1156 1tn Jun. in des Br. Koehlers
233 1150 905 1202 Hauſe bey unſern l. Geſchw. Fries-
228 1194 882 1241 ſens u. Westmann geſund und
230 1230 895 1286 wohlbehalten an. Sie nahmen
228 1268 896 1326 uns in vieler Liebe auf, u. den
757 1308 919 1359 folgenden
