1000 1560
190 84 240 141 8.
444 101 714 164 27ſte Woche. I.
249 173 905 235 ihr durchreiſet, ein guter Geruch
247 217 917 272 werdet; denn man wird gar ſehr
243 249 556 297 auf euch ſehen.
268 284 897 344 3.) Haltet euch auf eurer Reiſe
241 328 910 389 als eine geſchloßene Geſellſchaft
239 373 918 422 zuſam̅en; u. wenn ſich dazu Zeit u.
243 409 915 465 Gelegenheit findet, ſo unterlaßt
236 450 876 499 nicht, eine Liturgie oder andere
240 488 919 546 ſchickliche Verſam̅lungen zu halten.
240 529 908 581 Es wird gut seyn, wenn die Men⸗
238 569 915 624 ſchen, die euch ſehen, den Eindruck
234 607 906 656 von euch krigen, daß die Brüder
235 646 904 701 ein devotes Volk ſind, das ſei⸗
235 682 725 735 nen Heyland lieb hat.
256 722 913 780 4.) Wenn ihr in die Gegend kom̅t,
240 766 920 825 wo ihr euch niederlaßen ſollt; ſo
230 806 907 856 wünſchen wir, daß die Ausſuchung
229 845 901 897 des Platzes zum Etablisſement
222 887 901 943 \ſo/ viel mögℓ. von euch allen geſchehe
230 928 874 981 u. ihr wenigſtens alle zugegen
235 968 901 1015 seyd, wenn der Ort determinirt
231 1006 349 1047 wird.
259 1033 892 1097 5.) Habt ihr das Plätzgen ge⸗
227 1081 912 1138 funden, wo der Heyland den künf⸗
226 1126 901 1180 tigen Gem⸗Ort haben will; ſo iſt
222 1163 883 1215 wol das erſte, daß ihr ſorget,
222 1202 924 1255 daß ihr unter Dach kom̅et: leget
222 1241 910 1295 aber alles gleich ſo an, daß aufs
226 1282 909 1345 künftige nichts verſchnitten wird,
781 1335 909 1377 ſondern
