1000 1560
133 46 186 101 12.
398 70 680 128 27ſte Woche. I.
187 136 849 188 eure Leiber als Chriſti Glieder u.
188 175 860 231 Tempel des heiℓ. Geiſtes. Er hat euch
186 219 870 267 ja dahin geſtellt, Er ſiegle euch der
185 256 862 308 Sünde nu u. aller Noth der Erden zu.
205 295 871 349 14.) Den Br. Daniel hat der Heyland
185 337 875 380 zum Interims⸗Oeconomo der neuen
186 377 875 429 Colonie in Astracan ernan̅t. Er
183 418 874 470 wird ſich alſo des Ganzen im in̅ern
182 457 856 513 u. äußern annehmen. Zugleich iſt
180 498 854 552 er auch der Chor⸗Pfleger der led.
181 539 868 590 Brüder, an den sich die andren Brü⸗
184 578 869 631 der in Herzens⸗ u. Banden⸗Sachen
183 614 855 676 halten. Er beſorgt die Liturgien,
179 656 863 715 Verſam̅lungen u. das heiℓ. Sacrament.
198 695 858 756 15.) Wir haben unſerm l. HErrn
180 736 869 794 herzℓ. gedankt, daß Er uns den Br.
177 785 871 838 Westmann dazu geſchenkt hat, daß
176 819 853 879 er euch begleite u. eure erſte Einrich⸗
173 861 850 916 tung beſorgen helfe. Er iſt mit
183 904 842 953 Colonie⸗Sachen u. Anlegung neuer
174 936 851 997 Etablisſemens bekan̅t u. wird euch
171 975 850 1037 mit Rath u. That asſistiren können.
179 1021 849 1076 So lange er bey euch iſt, wird er
175 1058 856 1122 das Amt eines Vorſtehers beſorgen,
170 1099 856 1161 u. wenn er den ihm beſchiedenen Theil
174 1149 835 1200 gethan hat, wieder zu uns kom̅en
168 1189 856 1240 u. von allen Umſtänden mündliche
177 1221 842 1280 Nachricht bringen. Bis dahin wird es
172 1270 840 1327 wol mit der Verſendung von meh⸗
744 1319 850 1352 reren
