1000 1559
816 47 850 103 19.
321 64 558 117 Historica.
126 130 792 187 u. Busch zu ſagen gehabt, haben
123 172 816 222 wir mit Br. Daniel abgeredet. Mit
124 213 807 267 erſterem gehet mit Liebe u. Respect
125 261 792 310 um. Er wird willig ſeyn, euch zu
124 297 801 346 dienen, u. ihr werdet ſeinen Rath
122 341 822 387 vermutℓ. in manchen Dingen brauchen
123 381 809 426 können, weil er mit den dortigen Um⸗
123 415 803 469 ſtänden bekan̅t iſt. Jn ſein äußer⸗
123 459 799 512 liches Negotium laßet euch aber
121 497 798 552 nicht ein, führet mit ihm richtige
123 542 801 588 Rechnung über alles, was ihr von
123 576 805 628 ihm bekom̅t. Br. Brandt iſt euer
123 621 824 664 Agent in Astracan, an den ihr euch
126 657 772 709 addresſiret, wenn ihr daſelbſt
123 697 818 748 was zu thun habt. Mit Br. Busch
118 738 810 795 bleibet ihr in herzlicher Connexion
123 781 792 834 u. Correspondenz u. betet für ihn,
123 822 815 873 daß ihn der Heyland in Astracan
124 860 779 913 ſegne. Wenn er aber nicht ſolte
123 901 809 957 daſelbſt gebraucht werden, ſo kom̅t
123 944 348 988 er zu euch.
151 976 792 1036 28.) Jn Anſehung der Rußiſchen
124 1022 811 1075 Nation iſt unſer Wunſch, daß ihr
120 1067 798 1116 euch ſo wol auf eurer Reiſe, als
123 1104 800 1156 dem Orte eures künftigen Auf⸗
122 1144 813 1195 enthalts ſo betragen möget, daß
122 1190 793 1242 ihr in jedermanns Gewißen, der
120 1227 799 1276 mit euch aus dieſer Kirche bekan̅t
121 1263 796 1329 wird, das Zeugniß habt, daß
701 1306 770 1365 ihr
