1000 1560
797 77 830 130 3.
293 83 535 138 Historica.
117 151 771 206 vorige Woche getrauten 2 Paare
117 188 768 247 Joh. Christn Quandts u. Joh.
114 227 789 292 Joach. Wiers namentℓ. eingeschlos⸗
114 271 349 318 ſen wurden.
140 305 794 365 Bald darauf verſamlete ſich die
124 351 808 409 Gemeine zum erſten Theil der Lection.
116 391 797 455 Zuerſt wurde geſungen: der Geiſt
114 436 810 493 der Zeugen ruft auf den Gemeinen p.
118 473 767 527 Gnade u. Kräfte gibt Er ohne
119 503 794 569 Maaße p. Darauf verlas Br.
115 539 355 599 Johannes:
156 585 789 646 1.) einen Brief des Br. Daniels
163 630 744 686 aus Petersbg vom 3tn Jun. 1765.
133 699 764 764 Wir hoffen, daß unſer leztes
281 674 666 723 ans Directorium:
111 745 788 806 Schreiben aus Lübeck vom 3tn May
111 790 796 845 richtig wird angekom̅en ſeyn. Der
189 832 771 885 Heyland hat uns ſo gnädig
112 863 797 927 u. glückℓ. geleitet, daß wir nicht
112 910 768 966 völlig 8 Tage auf der See zuge⸗
110 947 782 1009 bracht haben, u. gegenwärtig ha⸗
110 989 789 1045 ben wir das Vergnügen, auch aufs
112 1027 783 1092 zärtlichſte aus Petersbg in Jeſu l.
107 1066 788 1122 Nähe zu grüßen u. zu küßen. Er,
114 1112 763 1165 unſer beſter u. liebſter Freund,
106 1150 791 1205 der ins Herze ſehen kan, weiß, was
105 1192 774 1245 unſer Wunſch u. Verlangen war,
109 1227 788 1282 da wir in dieſem Lande ankamen.
117 1264 777 1332 Jn Lübeck mußten wir 14 Tage
665 1319 773 1362 wegen
