1000 1559
784 55 841 111 29.
311 69 560 128 Historica.
105 138 750 200 im Schooß der Gem. nicht recht zu
102 186 764 245 nutze macht. Jch werde es jezt gut
106 226 785 277 gewahr, was ich verloren habe; aber
103 260 797 316 Seine unſchätzbare Nähe tröſtet mich
103 303 779 355 auch zu Land u. See. Die lezten
101 344 778 395 Tage in Hhuth werden mir unver⸗
104 381 776 440 geßlich bleiben. Jch bin oft in den
110 425 791 483 Buſch gegangen u. habe Stunden lang
103 466 792 516 vor dem Heyland geweint über meine
106 500 769 565 Gnadenwahl. Jnſonderheit bat ich
104 547 777 602 Jhn, daß Er mich zu einem wah⸗
97 590 774 642 ren Jeſus⸗Jüngling geſtalten u.
101 625 773 681 nach der engſten Regel Seines Her⸗
100 667 775 723 zens einhergehen laßen möge. Nun
98 708 791 762 ſehne ich mich von Herzen, bald an
100 755 772 797 dem mir vom Heyland angewie⸗
99 789 779 844 ſenen Orte zu ſeyn, u. verbleibe
98 827 681 879 hiemit dein armer Bruder p.
130 864 782 929 Geſ. Deine unſchätzbare Näh ſegne
166 900 661 960 ſie zu Land u. See!
116 945 775 998 Nachmittag wurde in der Lection
98 986 774 1045 der Nachrichten aus den Beylagen
98 1030 317 1074 continuirt.
137 1063 782 1125 Jn der Verſam̅lung der AMhls⸗
92 1111 771 1164 Geſchwiſter um 7 Uhr wurden einige
89 1155 773 1202 Erinnerungen, die hieſige Gem. be⸗
89 1189 783 1246 treffend, gethan u. unter andern
95 1229 359 1281 auch gebeten:
132 1266 761 1332 1.) Daß dach in den Singſtunden
690 1310 749 1366 ſo
