1000 1560
783 72 810 125 7.
301 84 525 141 Historica.
101 146 776 210 Kirche in Asien pflanzen will, an⸗
98 194 756 244 fangen ſollt. Die Gegend, die
105 231 769 279 Er uns dazu angewieſen, iſt im
100 263 763 318 Königreich Astracan, zwiſchen der
104 303 779 373 Hauptſtadt des Landes u. Czarizin,
100 349 762 405 u. zwar näher nach dem lezteren
104 380 764 445 Orte zu. Jhr habt unſer Herz
98 423 761 486 bey der Abreiſe gefühlt. Unſer
100 468 769 520 Gebet u. Segen wird euch auf eurer
98 505 791 556 Reiſe begleiten, u. wenn ihr an Ort
99 540 787 601 u. Stelle ſeyd u. einen Platz zum
104 580 776 645 Etablisſement auszuſuchen habt,
99 621 562 677 auf euch ruhen bleiben.
143 660 760 715 2.) Von dem, was noch vor eurer
106 696 762 761 Abreiſe von St Petersbg zu thun
97 741 756 792 iſt, hat unſer Br. Fries, der als
103 777 790 832 Agent der Brr⸗Unitæt dahin ab⸗
101 818 791 879 gegangen iſt, eine ausführliche In⸗
99 858 791 917 struction, u. wir finden nicht nöthig,
103 902 792 956 etwas davon hier zu wiederholen.
104 939 782 994 Der Heyland gebiete ihm, daß
103 983 790 1034 er glückℓ. ſey u. alles fein bald
105 1020 784 1077 zu ſtande kom̅e, damit ihr euch da⸗
104 1059 775 1116 ſelbſt nicht zu lange aufhalten
102 1094 792 1155 dürfet, ſondern beyzeiten auf eu⸗
101 1140 786 1196 ren beſtim̅ten Platz kom̅t. Wan⸗
100 1175 769 1234 delt indeß, ſo lang ihr in Petersbg
105 1222 803 1272 ſeyd, würdigl. dem Evangelio, daß
113 1255 785 1328 ihr daſelbſt u. an den Orten, wo
702 1294 775 1348 ihr
