1000 1559
130 51 188 103 22.
408 62 668 119 27ſte Woche. I.
204 127 876 185 daß man hintennach Kum̅er u. Noth
201 176 877 227 hat, wieder einzulenken. Da eure
206 213 866 267 Anzahl noch ſo klein iſt, kön̅t ihr
200 258 889 309 jetzo noch nicht auf Misſiones in die
207 299 889 350 Tartarey, nach Perſien p. antragen;
201 338 887 392 ihr ſeyd zum Anfang der Colonie
201 377 886 436 geſchickt: aber ſeyd indeß auf alle
200 421 889 474 Notizen, die euch von den benachbar⸗
194 459 878 511 ten Ländereyen in die Hände kom⸗
198 501 873 549 men, aufmerkſam u. in Specie dar⸗
197 541 885 588 auf attent, was ihr vor Spuren von
197 576 880 629 den Friedens⸗Gedanken des Herzens
202 621 884 674 Jeſu über die dortigen Nationen
197 659 363 709 merket.
226 696 896 756 30.) Wenn ihr Rußen oder Tartaren
198 744 879 795 in eure Dienſte zu dem u. jenem Ge⸗
201 782 879 838 ſchäfte nehmt; ſo behandelt ſie ſo,
201 828 878 877 daß ſie, wenn ſie wieder von euch
201 860 877 913 wegkom̅en, eine gute Impresſion
196 902 881 956 behalten. Jhr müßt euch aber auch
200 943 880 998 wohl vorſehen, daß ihr ihnen nicht
200 988 876 1035 zu viel trauet u. ſie euch, wies
197 1022 873 1082 der gewöhnliche Gang unter ihnen
202 1070 513 1113 iſt, betrügen.
224 1099 881 1154 31.) Eure Diaria u. Briefe ans
198 1145 885 1192 Directorium u. die andern Unitæts-
198 1182 878 1235 Collegia ſchicket offen an Br. Fries
201 1224 857 1277 in Petrsbg zu deßen weiterer
201 1265 889 1329 Besorgung, u. daß er sie auch leſe.
815 1309 889 1382 Es
