1000 1608
170 96 252 139 476.
193 166 924 227 zu ihnen gesagt, daß ich unzufrieden mit ihm bin, oder
185 219 921 277 ihn in diesen Umständen laßen will; Nein! Ich liebe
182 264 924 322 ihn! u. er liebt mich wieder, u. wen̅ ihr etwas für ihn
183 312 926 368 thun werdet, so ist es gut. Die Engel antworteten:
188 355 914 418 Heil. u. gerecht sind alle Deine Wege; unsre größte
182 406 923 466 Seligkeit ist, dir zu dienen, u. denen, die du liebest.
201 453 906 509 Wir wollen ein Lager um ihn machen, u. beständig
176 497 915 562 Wache halten, daß ihn nichts stören kan, was in unsrer
182 545 924 608 Gewalt ist abzuhalten. Wir wollen uns auch bemühen,
179 597 906 653 daß er nichts einnehme, was ihm schädl., u. wollen ihm
174 645 898 704 beförderl. seyn, daß er das nehme, was ihm gut ist.
188 690 913 744 Ein andermal: Es wäre ihm vorgekom̅en, als wäre
172 736 913 795 er mit etl.en Män̅ern Gottes des alten Bundes, bey
182 777 919 844 dem Passah⸗Fest gegenwärtig, u. sey mit der tiefsten
184 836 893 891 Ehrerbietung u. Awe erfüllt worden, sowol gegen
183 876 915 939 diese Personen, als über der feyerl.en Handl. u. Bütte
181 933 908 980 angefangen, dergl.en Vorwürfe sich zu machen:
181 971 895 1030 Wie bin ich dazu gekom̅en? Ich bin unwürdig
178 1019 906 1079 solche Dinge zu sehen, u. bey weiteren Untersuchung
176 1068 915 1128 seiner selbst, habe er nichts anders finden kön̅en, als
175 1116 900 1180 Schande u. Armuth. Zulezt hätte er sich beson̅en, er
172 1174 915 1226 möge so arm seyn, wie er wolle; so wäre doch etwas
174 1214 769 1278 bey ihm da, neml. ein Gefühl im Herzen.
176 1255 921 1317 Wiederum kam ihm vor, als wen̅ der Apostel Paulus
171 1301 908 1389 u. Apollo hieher gekom̅en wären, das heil. Abendmahl
843 1342 904 1417 zu
