1000 1609
759 80 837 132 463.
73 157 822 223 Character des Grafen v. Zinzendorf, welcher in dem
76 209 815 269 Versuch über diesen Gegenstand gedrückt, u. auch
76 258 821 319 in Spangenbergs apologetischen Schriften eingerückt
75 310 821 361 worden ist. Er hatte eine besondre Gabe, die Reden
76 357 821 412 des sel. Grafen v. Z., die er in der Capelle Teutsch
73 403 828 460 zu halten pflegte, sogl. in Engl.er Sprache zu wiederholen:
73 453 831 508 so daß jeder, der ihn hörte, u. beyde Sprachen verstand,
72 495 823 553 über die Vollkom̅enheit, in welcher er es that, erstaunte.
76 541 808 606 Ferner beschäftigte er sich mit der Revision u. Edi
80 591 817 655 rung verschiedener unsrer Bücher u. Schriften, worin̅
76 635 802 703 er sehr pünktl. u. fleißig war, dahin gehört z. F. das
71 695 788 747 Rationale unsrer Lehr⸗ u. Kirchen⸗Zucht, das große
80 737 791 791 Gesangbuch, unsre apologetischen Schriften, die in den
76 787 827 839 Jahren 54 u. 55 in Engl. herausgekom̅en sind, die Ueber⸗
70 835 828 889 sezung der Grönl.en Historie; u.s.w. Er entwarf auch
73 878 796 934 das gegenwärtige kleine Gesangbuch, u. brachte es in
72 923 786 980 die Gestalt u. Ordnung, die es nun hat. Ausser
74 983 796 1031 diesen Beschäftigungen, ging er auch gar gern in eine
77 1025 811 1083 jede Art der zu leistenden Hülfe u. Beystand, die ihm
64 1069 781 1132 vorkam, hinein; in Conferenzen, Gem.⸗Versam̅l.en
76 1125 813 1174 u. Privat Unterredungen mit den Seelen, in welchen
72 1166 802 1223 seine sanftmüthige Weisheit, seine Mitleidige Liebe
79 1212 810 1272 u. seine Geduld sehr hervorleuchtete. Da man es
73 1257 809 1323 im Jahr 1754 für nöthig erachtete, daß in England ein
80 1312 822 1378 Bischof von der Brr.⸗Ordination seyn möchte; so wurde
696 1357 806 1426 unser
