1000 1609
70 173 804 235 zu halten; der Leztere hätte vorher die Geschw. dazu gesprochen.
68 223 806 287 Wes das für eine sel. Zeit war! Er hätte sich über sich selbst
64 274 832 328 gewundert, da er gewahr wurde, daß er so bekan̅t u. vertraul.
65 317 801 379 mit diesen Dienern Christi sey u. s. w. Er glaubte oft
75 370 800 425 an einem Ort zu gehen, wo es sehr schmal wäre, oder
62 413 790 473 eine gefährl.e Anhöhe hinaufzusteigen, aber im̅er hätte
56 457 836 525 er so gute Herzen um sich, die sehr freundschaftl. wären,
78 513 835 572 u. ihm nach Vermögen hülfen, daß niemand besser, als
72 556 459 618 er besorgt werden kön̅te[?].
72 600 841 667 Am Son̅tag d. 6ten Sept. genoß er zum leztenmal das
71 652 801 715 heil. Abdmhl. mit völl.er Gegenwart seines Geistes, und
68 702 802 769 tiefster Ehrerbietung. Beim Empfang des Kelchs, ver⸗
70 751 808 810 langte er einige Hülfe um stehen zu kön̅en, u. fing zum
73 801 801 856 Schluß selbst einen Vers an. Die dabey gegenwärtig
74 844 805 901 waren, mußten sich bald entfernen um den Thränen
67 889 813 951 freyen Lauf zu laßen. Wir fühlten, daß es das leztemal
71 939 799 995 wäre, da wir uns mit einander verbanden. Von dieser
68 979 823 1043 Zeit an kön̅teer sich nicht viel mehr bewegen, sondern blieb
64 1036 825 1092 meistentheils in einerl. Stellung. Sein Geschäfte war nun,
75 1084 818 1137 von den Gem.en u. verschiedenen Personen zu reden u. für
66 1128 806 1183 sie zu bitten. Er dachte manchmal, daß er eine Ver⸗
67 1175 808 1229 sam̅l. halten solte u. die Gem. dazu zusam̅en gekom̅en
74 1216 794 1279 wäre, u. fing an zu ihr zu reden. Zu andrer Zeit,
63 1263 776 1326 daß dieses oder jenes Chor in seiner Stube bey ihm
68 1320 790 1380 versam̅let wäre, sang einen Vers u. fing an, eine
707 1354 798 1432 Chor⸗
760 89 845 136 477.
