1000 1609
69 161 811 229 habe, von der noch die Frage ist, ob bey meinen Jahren,
71 215 811 271 u. so erschüttert u. schwach als ich schon bin, ich sie überwinden,
70 263 828 320 oder sie mich nach u. nach überwältigen wird. Ich wanke auf
68 311 802 367 meinen Beinen herum, u. ob ich gleich zieml. wohl aussehe,
70 355 812 413 so sind doch der Zwischen⸗Zeiten des Tages nur wenige,
71 404 814 455 da ich etwas der Stärke ähnl.es am Leibe oder am Geiste
70 446 830 509 fühle. Doch seze ich der Macht meines Hlds. keine Schran⸗
69 503 797 560 ken, wen̅ Er es für gut ansieht, mich etwas länger zu
74 539 837 610 erhalten /: Eine gänzl.e Gesundheit ist in meinem Fall
75 590 810 655 wol schwerl. zu erwarten :/ u. ich trage in der That alles
72 638 813 699 mögl.e dazu bey. Ich gehe meist alle Tage in der Capelle
76 690 805 749 oder auf dem Gottesacker so lange herum, bis ich fast
76 732 829 791 hinfalle. Alles was ich eigentl. von meinem l. HErrn
79 783 809 843 erwarten kan, ist: daß Er mir unwürdigem Sünder
68 823 818 891 gnädig sey, daß Er mich von allen meinen Un⸗
68 878 841 935 treuen u. Sünden mit Seinem Blute wasche, in Gemeinschaft
62 921 798 983 mit Ihm u. Seinem Volke erhalte, mir helfe, daß ich
80 975 800 1027 mich in Krankheit gehörig, wenigstens nicht anstößig
71 1020 835 1078 betrage, u. mir in meiner lezten Stunde, wen̅ sie auch
68 1063 813 1127 kom̅en wird, in̅ig nahe sey". Zugl. legt er in die⸗
70 1111 833 1178 sem Briefe ausführl. dar, daß er bey seiner Krankheit
70 1162 814 1227 die Gem. zu Haverfordwest, die eigentl. seiner Pflege
78 1215 823 1273 anbefohlen war, nicht nach Erforderniß bedienen kön̅te,
75 1270 836 1320 so lange er so schwach bliebe. Und da man mit Grund
80 1308 823 1377 besorgte, daß er um der Gem. willen mehr als er im
718 1347 818 1403 stande
760 85 843 133 467.
