1000 1609
153 73 229 128 186.
161 143 921 220 welche Schnee weiß waren. Es ſind nachher in dieſer
162 202 930 270 Woche überhaupt 13 geſchoſſen worden. Am 20ten brachte
167 254 933 320 Br. Jens Haven einen ſchwarz ſprenglichten : Dieſe Art
167 299 930 366 iſt etwas größer als die andere, u. ſezt ſich auch in die
165 351 929 418 Bäume; welches die meiſten nicht thun. D. 22ten fingen
158 405 935 466 wir an, ein Esquimaux Haus zu bauen, um diejenigen
165 451 930 514 hinein zu logiren, die uns beſuchen; u. auch Verſam̅l.en
156 501 925 561 in demſelben zu halten. D. 24ten fanden wir den erſten
164 550 933 614 Fuchs in unſern Fallen. Manuina, der ſich ſchon hatte
156 598 928 655 verlauten laſſen, daß, wen̅ er keine Lebens-Mittel
158 645 932 705 bekäme, er, mit ſeiner Familie würde von uns ziehen
153 693 932 756 müſſen, fing heute 3 kleine Seehunde, u. d. 25ten wieder
160 744 930 800 2; worüber wir recht erfreut waren. Am 27ten da ich
152 789 931 853 wie ich tägl. zu thun pflege, zu den Esquimaux ging, fing
162 835 928 895 der Man̅ von ſelbſt an zu reden, von dem großen HErr
152 880 923 948 im Him̅el Jeſuſe, den wir u. er lieb haben. Zum Zei-
152 932 932 992 chen, daß ers aufrichtig meynte, gab er mir 3 Pfeile,
162 985 924 1040 die ſie auf der Ren̅thier-Jagd brauchen; weil man
165 1028 929 1088 auch Menſchen damit tödten kan̅, ſo wolte er ſie nicht
154 1076 920 1139 behalten. Er ſagte, er hätte uns alle ſehr lieb. Jch
147 1128 923 1184 nahm ſie, weil Holz u. Vögel Federn dran gebunden
151 1180 921 1235 waren, u. gab ihm 3 ander ohne Holz, u. ſeiner Frau ei-
152 1219 874 1283 nige Perlen. Sie bezeigten große Zufriedenheit.
169 1267 916 1326 D. 1ten Dec. war das Thermometer bis auf 11 Grad
163 1314 925 1380 unter 0. Aber d. 2ten kam Nord-Oſt-Wind mit viel
799 1382 919 1448 Schnee,
