1000 1609
174 83 248 132 460.
198 160 924 227 aufgehoben oder verändert würde, daß er keine Pfarer
194 220 915 276 mehr in derſelben haben, u. unter den Brrn. ganz zu
192 262 919 318 wohnen kom̅e. Durch ſeine Vereinigung mit den
195 307 916 376 Brrn. ſuchte er ihrer Pflege u. Gemeinſchaft theilhaftig
192 362 928 420 zu werden, mit ihnen ſich dem Dienst unſers Hlds.
187 413 926 467 zu widmen, u. wen̅ er dazu angeſtellt würde, ſolchen
189 453 930 522 Leuten zu dienen, denen er nach ſeiner vorzügl.en Nei⸗
192 501 917 564 gung die Erlöſung durch Jeſum Chriſtum mit Nachdruck
189 557 912 610 u. ohne Widerſtand anpreisen kön̅te. Er ging nicht
190 601 919 659 zu den Brrn. als zu einer Religion u. menſchl.en Ver⸗
192 648 920 707 faſſung über, /: ob er gleich alle Achtung u. Ehrerbietung
186 695 905 757 für ihre biſchöfl.e Succeſsion hatte :/ ſondern als zu
184 752 915 800 einem vereinigten Hauſe, u. Familie Gottes, mit
186 787 912 850 dem Vorſaz, das Werk des HErrn deſto freyer
184 836 917 900 u. ungehindeter zu treiben. Er ſchäzte ſeine Gna⸗
186 884 904 943 denwahl, u. ſeinen ſel.en Ruf zum Volk der Brr. ſehr
187 933 906 989 hoch, liebte ihre gute Ordnung, nahm Theil an der
184 980 915 1036 ihnen wiederfahrnen Gnade, trug auch ſeinen An⸗
180 1033 914 1087 theil an ihren Beſchwerlichkeiten u. Arbeiten, war
180 1078 901 1134 ein Glied an dem Leibe, davon Christus das einige
177 1123 913 1187 Haupt u. Biſchof iſt; u. weil er in Ihm eingewurzelt
178 1179 907 1228 war, ſo brachte er die ſel.en Früchte hervor, die bey
180 1213 921 1273 dem Saft dieſes Weinſtocks nicht ausbleiben kön̅en.
179 1268 900 1322 Nach einigem Aufenthalt in London ging er nach
174 1304 932 1379 Eſsex, der Kinder⸗Anſtalt, welche die Brr. damals
861 1350 923 1430 zu
