1000 1609
177 89 262 135 452.
202 163 932 227 Begriffe mit nichts geringerem befriedigen, als ſelber
195 218 915 270 ein ſolch vollkom̅enes Weſen zu werden, wie die
198 261 898 327 erhizte Einbildungskraft ſeiner griechiſchen chriſtl.en
208 312 915 375 Philoſophie ihm vorgeſtellt hatte, u. indem ſeine
199 359 916 416 Abſicht u. Bemühung dahin ging, in einen ſolchen Zu⸗
198 416 915 473 ſtand ſich hinein zu zwingen, u. er darüber im̅er
190 456 921 514 misvergnügt war, daß ſein wirkl.er Zuſtand dieſem
193 508 923 564 ſeinem Ideal ſo weit nachſtand, ſo gerieth er in
196 552 926 611 die äuſſerſte Noth u. Kum̅er: gleichwol verſuchte er
188 604 922 657 wieder, durch fortgesezte Bemühungen, ſich vollkom⸗
188 653 924 705 mener zu machen, u. ſich ein Muſter zu gedenken,
195 699 920 752 das er doch niemals zu ſeiner Befriedigung erreichen
194 739 918 798 kon̅te. Im Sept. 1733 wurde er ordinirt u. Predi⸗
199 786 921 850 ger zu St. Hanton⸗Harcourt in der Grafſchaft
175 833 922 892 Oxford, einem abgelegenen Flecken, wo er zu viel
186 881 925 941 Muße hatte, ſeiner Neigung zum Nachdenken, u.
196 928 929 993 philoſophiren, sich zu überlaßen. In der Zeit, die
194 981 918 1043 ſeine wenigen Amts⸗Pflichten ihm übrig ließen,
188 1031 928 1085 vertiefte er ſich in ſeine Studien, u. ging ſelten
200 1074 926 1133 aus. Von ſeinem Gön̅er, dem Lord Harcourt,
192 1125 923 1179 wurde er allemal ſehr gnädig empfangen, wen̅
194 1175 916 1232 er ſich nur überwinden kon̅te, ſeine Bücher zu ver⸗
184 1224 918 1278 laſſen, u. jederman̅, der ſeinen Umgang genießen
195 1267 923 1326 kon̅te, hatte große Achtung vor ihm, wie es den wirkl.
190 1313 908 1382 eine Seltenheit war, einen Man̅ im 18ten Jahrhundert zu
842 1350 928 1434 zu
