1000 1609
773 86 853 135 455.
72 156 827 230 Prüfung, vielem Kämpfen mit ſich ſelbſt, u. vieler Ver⸗
70 219 802 277 legenheit, die ihm ſeine Verſuche, die Philoſophie mit
69 269 819 328 dem Evangelio, das für Unmündige u. Kinder beſtim̅t iſt,
67 319 802 381 zu verbinden, verurſachten. Im Jahr 1739 hatte
64 366 815 424 unſer Seliger das Vergnügen, den ſel. HEn. Grafen
70 414 787 478 v. Zinzendorf in Oxford zu ſehen, u. ſich mit ihm zu
69 465 821 518 ſeiner wahren Satisfaction zu unterhalten; u. von der
59 505 788 567 Zeit an behielt er die zärtliche Liebe u. Achtung für
65 558 805 614 dieſen Knecht Gottes. Von dieſer Zeit findet ſich
68 605 841 663 folgende Beſchreibung ſeines Zuſtandes unter ſeinen
66 647 800 714 Papieren: "In dieſen Jahren hielt ich die Ber. für
76 698 843 761 beſonders glückl. u. ihre Lehre für wahr, kon̅te ſie aber
69 749 839 807 nicht auf mich appliciren; ſondern da meine Sündenlaſt
64 794 813 857 mich drückte, u. manche gute Vorſäze mir fehlſchlugen,
75 846 813 902 ſo zweifelte ich vielmehr daran, ob mein Zuſtand an⸗
74 887 785 948 ders wäre u. beſſer als des großen Haufens der
72 931 806 1004 Menſchen. Im Jahr 1740 aber kam mein jüngſter
80 986 807 1045 Br. /: der ſich jezt in America befindet :/ mich zu be⸗
72 1032 814 1092 ſuchen. Die Nachr., die er mir von den Brrn. in London,
74 1077 824 1139 zu denen er ſich hielt, mittheilte, ſezte mich in Erſtaunen,
67 1126 835 1185 u. ich kon̅te es nicht laßen, mit ihm nach London zu reiſen.
67 1178 812 1233 Mein Zweck war, die Einrichtungen der Brr.; deren
65 1218 834 1290 verschiedene beyſam̅en 〚beyſam̅en〛 wohnten, anzuſehen,
74 1274 822 1329 u. den ſich unter ihnen regenden Geiſt zu füllen, wel⸗
74 1314 817 1400 ches ich zu meiner großen Zufriedenheit that, u. nicht
715 1380 813 1430 nur
