1000 1609
750 82 834 126 473.
64 148 822 233 bemühete sich nach Vermögen, wie er das Heil seiner Lands⸗
61 213 796 274 Leute befördern kön̅te. Er übersezte einige Lieder ins
58 258 812 323 Wälsche, die auch gedruckt, u. nun im gesegneten Gebrauch
59 310 798 365 sind. Auch schrieb er einige Anmerkungen, über ver⸗
58 351 799 416 schiedene Theile der Sprach⸗Kunst, besonders in Beziehung
67 403 785 468 auf die Wälsche⸗Sprache, zum Behuf solcher Brr., die
63 446 806 513 diese Sprache zu lernen, oder darin̅ weiter zu kom̅en
66 491 799 556 wünschen möchten. Und diese seine Bemühungen, nebst
65 545 803 609 dem vielen Gebet, das er ihrentwegen unserm l. HErrn zuge⸗
62 592 798 657 schickt, werden bey Ihm nicht vergeßen seyn, sondern
61 638 808 703 früher oder später gesegnete Früchte bringen. Der sel.
65 682 787 750 Gang der Gem. ins Ganze, u. dieser kleinen Heerde ins
69 735 804 792 besondere, war ein Gegenstand seines tägl.en Gebets.
65 784 801 846 Wen̅ wir in die Versam̅l.en gingen, pflegte er den l.
63 827 806 898 Hld. gar herzl. zu bitten, uns recht nahe zu seyn, u. ein
63 879 797 937 jedes zu segnen. Wen̅ wir ihm manchmal sagten,
71 922 794 988 daß in der Versam̅l. ein sel. Gefühl gewaltet hätte,
67 972 838 1029 sagte er: O der gute Hld! Ihm sey Dank dafür gebracht!
80 1017 820 1079 Seine lezte Rede von der Canzel war d. 16ten Dec. 1770
67 1066 806 1128 über Ebr. 10, S⸗7. Es geschahe blos aus Noth, u. weil
70 1112 823 1183 er den Br. Jakson gern auf dem Lande predigen laßen
72 1164 819 1227 wolte. Die Brr. u. Schwe. waren sehr erfreut, ihn
60 1212 812 1279 noch einmal auf der Canzel zu sehen; aber auch verle
71 1261 836 1323 gen um ihn, weil sie sahen, wie beschwerl. ihm das Reden
74 1309 786 1375 aus Mangel des Athems wurde. Er fuhr aber
680 1362 805 1448 dennoch
