1000 1609
179 89 253 133 472.
203 166 924 232 gleich sehr beschwerl. fiel. Von dieser Zeit an, nahm
204 223 931 274 seine Krankheit gar merkl. zu, u. in wenig Tagen kon̅te
196 270 917 324 er nicht mehr zu Bette liegen, sondern musste entweder
199 318 922 370 sizen oder stehen. Als er nach einigen Wochen so
193 358 922 416 viel Linderung bekam, daß er sich wieder mit uns be
198 405 923 463 sprechen kon̅te, /: ob er gl. noch nicht im stande war, in die
196 454 915 514 Capelle zu gehen :/ so unterhielt er uns bey Tag u. Nacht
198 500 919 557 mit den gesegnetsten Materien, u. dieses dauerte
206 547 926 608 fort durch seine ganze Krankheit. Ich werde nie ver⸗
201 596 927 662 gessen, mit was vor einer sel. Verwunderung ich die
199 644 913 705 gesalbten Wahrheiten, die aus seinem Munde geflossen
199 693 921 746 sind, gehört habe, u. welche süße Erquickung mein armes
192 742 921 798 Herz darin̅ gefunden hat. Er pflegte an den allgemein
186 785 914 842 en Festtagen der Christenheit, u. an den besondern
195 833 916 891 Gem.⸗Festen, die wichtigsten Umstände derselben, mit
190 876 927 941 der größten Einfalt, u. Deutlichkeit uns zu erzehlen, ehe
192 928 925 985 wir in die Capelle gingen; um davon zu reden. Er war
192 973 930 1028 unter uns in Wahrheit ein zärtl.er u. liebhabender Vater,
192 1024 908 1093 u. zugl. der demüthigste u. herzlichste Br., so daß es wirkl.
187 1078 921 1133 etwas sehr angenehmes war, in irgend einer Sache ihm
189 1119 915 1180 zu dienen, oder das zu thun, was er für das beste hielt.
194 1164 906 1228 Die Beküm̅erniß seiner Seele um das Wachsthum des
185 1215 915 1276 Reichs unsers l. Hlds., u. um Segen für Sein Volk, nahm
187 1273 909 1324 nicht mit seinen Kräften ab, sondern lag ihm bis an das
196 1316 907 1386 Ende nahe am Herzen. Er dachte unaufhörl. daran, und
825 1361 910 1405 bemühete
