1000 1608
170 96 256 142 474.
193 163 934 233 dennoch fort, einige Gem.⸗ u. besonders die Chor⸗Anlegen⸗
189 225 925 277 heiten zu halten, bis im Febr. 1771, da er wieder so schwach
186 270 923 330 wurde, daß wir glaubten, er würde es nicht mehr lange
193 311 924 373 aushalten; aber nach einer langen u. schmerzhaften Zwi⸗
190 364 916 418 schen⸗Zeit ging er am 12ten May wieder in die Capelle,
189 410 920 466 u. erzehlte der Gem. zu großem Segen, die wichtigen
182 456 924 511 Umstände, die uns diesen Tag so merkwürdig machen.
187 503 922 566 Dis war in der That eine sehr anmerkl.e Gelegenheit,
181 551 920 607 viele Freuden⸗Thränen wurden darüber vergoßen,
182 604 927 661 ihn in unsrer Mitte zu sehen. Von dieser Zeit an,
184 642 915 703 bis in den Jul. fuhr er fort die Chor⸗Gelegenheiten
181 692 915 751 zu halten, welche aber mehrentheils in seiner Stube
175 743 918 795 waren. Das lezte Abdmhl., das er mit uns hielt, war am
182 785 923 842 14ten u. zwar ungemein selig. Gegen das Ende des Mo⸗
181 832 926 894 nats wurde er kränker, u. alle Hofnung zu seiner Wie
181 879 923 942 dergenesung fing an zu verschwinden. Wegen der Be⸗
191 925 924 982 schaffenheit seiner Krankheit, da er so wenig Schlaf hatte,
183 976 891 1037 u. beynahe ¾ Jahr nicht im Stande war, zu Bette zu
180 1023 896 1080 liegen, wurde er sehr besorgt, er möchte endl. des
184 1066 907 1129 Gebrauchs seines Gedächtnißes u. Verstandes gänzl.
167 1114 918 1183 beraubt werden. Aber dieses empfahl er dem Hld., u.
174 1170 911 1225 war gänzl. gelaßen, u. sagte: Wen̅ ich so weit herunter
183 1212 931 1277 gekom̅en bin, daß ich nicht mehr weiß, was ich thun, so
175 1258 939 1325 bin ich doch in meines l. Hldes. Hand, u. Er wird für mich
178 1311 914 1383 denken u. sorgen. Des ist alles recht gut, laßt uns
841 1357 902 1422 nur
