1000 1608
170 89 253 134 480.
197 171 929 225 Sein persönlicher Character wird von einem,
193 215 934 277 der ihn sehr wohl kan̅te, folgendermaßen beschrieben:
197 272 932 321 In seinem Umgang mit dem l. Hld. war er eben
182 308 931 375 nicht heldenhaft, sondern eine zärtliche Treue, eine
201 366 934 421 Sorge, seinen edlen Schaz in einem armen,
200 408 921 464 gebrechlichen, irdenen Gefäß zu bewahren,
181 450 930 515 war es, was seinen Character besonders aus⸗
185 505 923 561 zuzeichnen schien. Eine gänzliche Ergebenheit,
192 555 925 616 die unterwürfigste Demuth zu den Füßen un⸗
186 598 928 656 sers HErrn, ein völliges Vertrauen u. beruhigen⸗
189 640 929 704 de Ueberzeugung, daß unsers HErrn Weisheit
185 691 930 753 in der Regierung Seines Volks u. Ausführung
186 738 934 798 Seines Werks auf Erden, unter allen denen ver⸗
181 787 914 843 schiedenen Umständen u. Situationen, unendl. u.
182 837 924 894 unvergleichlich sey, machte ihn ruhig u. gelaßen.
198 873 913 947 Auch hatte er nicht die geringste Feindschaft
198 924 928 987 gegen irgend jemand auf Erden. Er stand in
154 980 931 1041 einem sehr genauen Zusam̅enhang mit GOtt,
187 1021 930 1079 bey dem Gefühl seiner Armuth u. Schwach
201 1064 920 1128 heit, und man kan in Wahrheit von ihm
173 1118 928 1180 sagen, daß er sich an seinen Geliebten
206 1167 505 1278 gelehnt habe.
788 1302 920 1361 2.) Die
