1000 1609
172 73 242 122 190.
168 147 855 218 wir wieder zuſam̅en zum Beſchluß des Jahres.
167 202 940 266 Wir erin̅erten uns alles deſſen, was ſeit 20 Jahren
164 248 937 316 in Abſicht auf die Miſsion in Labrador geſchehen iſt.
170 291 914 366 Jnſonderheit dankten wir für die treue Bewahrung
169 343 934 411 auf unſrer Reiſe; da wir beſonders 2 mal in augen-
159 395 918 462 ſcheinl.er Gefahr mit dem Schiff waren. Es gab auch
166 446 938 510 auf der langwierigen Reiſe Zeiten u. Stunden, wo-
160 489 938 557 rüber wir uns jezt aufs neue ſchämten u. uns abſolvi-
157 542 936 607 ren ließen, da wir hernach die weiſe Führung unſers
158 589 926 657 l. HErrn eingeſehen haben. Auch war uns das eine
144 633 935 700 Materie zum Loben u. Danken, daß wir biſher mit
161 682 915 752 den Esquimaux in gutem Vernehmen geſtanden,
167 729 936 802 daß ſie uns u. wir ſie lieb haben, u. daß ſie dem
147 775 933 855 Zeugniß, das wir vom Hld. ablegen, doch Gehör geben
152 829 924 896 Wir wünſchen, daß unſer l. HErr Seine Friedens-
152 875 927 947 Gedanken über dieſe Nation bald ausführen u. uns
147 925 930 994 die Gnade verleihen wolle, uns im Leben u. Wandel,
157 976 922 1044 als Leute zu beweiſen, die allein um das Seelen-Heil
151 1028 702 1084 dieſer armen Heiden beſorgt ſind.
131 1070 926 1139 D. 1ten Januar 1772. reiſten unſre Beſuchenden in
156 1124 910 1186 aller Frühe wieder von uns. Wir hatten Chorweiſe
153 1169 899 1235 das Anbeten, darnach eine Liturgie u. zum Schluß
153 1215 924 1281 Abends des Tages eine Gemeinſtunde. Gegen Abend
150 1266 906 1330 kamen des Manuina Frauen Br. mit ſeiner Frau u.
146 1313 920 1398 Kinde, einem wizigen Knaben von 6 Jahren bey uns an.
827 1367 901 1425 Das
