1000 1609
746 89 831 138 475.
67 161 814 235 nur auf Ihn sehen, u. Geduld haben, es wird sich noch alles
59 221 791 279 seligl. enden; welches auch geschehen ist. Wen̅ seine
65 265 813 323 große Schmerzen ihn auch einmal dahin brachten, /: wel⸗
74 308 802 372 ches selten geschahe :/ daß er sagte: Es ist mir schwer:
63 361 794 418 so besan̅ er sich bald, bat um Vergebung, u. sagte:
71 399 789 467 Ich solte nicht so sagen, es kön̅te noch viel schlechter
66 454 803 510 seyn, o es geht mir noch sehr gnädig! Dieses war
74 500 808 564 gewöhnl. seine Antwort, wen̅ er gefragt wurde, wie
68 539 805 612 er sich befände. Nachdem er einige Wochen fast
69 591 807 657 ganz ohne Schlaf zugebracht, ausser daß er zuweilen
67 642 785 699 einige Minuten lang im Stuhle geschlum̅ert, u. sein
65 684 797 744 Verstand u. Gedächtnis abgenom̅en hatte, daß er die
70 730 811 794 bekan̅teste Sache nicht wußte, so zeigte sich doch deutl.,
71 777 817 850 worin̅ seine edle Seele lebte. Nur einiges z. B.
76 828 798 893 anzuführen, von dem, was er uns erzehlt hat, nach⸗
67 878 800 937 dem er aus solchem Schlum̅er wieder erwacht war,
66 918 817 980 so deuchtete ihm einmal, als wen̅ unser l. HErr mit
67 973 805 1030 einer Auswahl seiner heil. Engel, eine Conferenz
67 1017 795 1080 gehalten, u. ihnen unter andern gesagt hätte: Er habe
76 1067 794 1123 in Haverfordwest einen armen Sünder in etwas
68 1111 796 1178 schweren Umständen, der seine Zeit in der Welt
68 1156 798 1227 zugebracht, ohne viel von der Hülflosigkeit seines
78 1211 811 1269 menschl.en Zustandes zu erfahren; es würde aber gut
68 1264 810 1320 für ihn seyn, die Schwäche der menschl.en Natur von
74 1309 801 1396 allen Seiten zu ken̅en. Aber, glaubt nicht, habe Er
720 1364 767 1426 zu
