1000 1609
66 171 820 229 zu ſehen, der in ſeinen Unterredungen, einem vom 2ten oder
69 210 829 284 3ten Jahrhundert ſo ähnl. war. Man wurde mit ihm gleichſam
73 266 831 331 1500 Jahre zurückgeführt, auf Grundſäze, Redens⸗Arten
75 315 801 379 u. vollſtändige Gedanken, die zugl. die auserleſenſten
74 362 812 422 u. feinſten Wendungen hatten; Seine unverſtellte De⸗
65 400 813 482 muth machte, daß ihn niemand wegen ſeiner vorzügl.en
73 460 805 516 Gaben beneidete. Und weil er ſelbſt niemals je⸗
65 508 820 570 mand beleidigte, ſo weiß man nicht, daß er je einen
71 551 809 622 Feind gehabt hätte, da doch, weil ſein äuſſerl.es Be⸗
69 604 813 668 tragen von dem heut zu tag gewöhnl.en ſich ſo ſonder⸗
72 654 811 712 bar aus nahm, ein guter Geſchmack u. richtige Beur⸗
70 699 830 758 theilungs⸗Kraft erfordert wurde, an der Geſellſchaft
68 749 819 804 eines Man̅es, der gemeinen Augen beym erſten
73 791 813 860 Anblick nicht anders als ſchwermüthig vorkom̅en kon̅te,
74 842 830 898 gefallen zu finden. Da er in der folgenden Zeit
74 891 813 949 die Schriften des alten Professor Frankens zu
69 933 817 992 leſen bekam, ſo wurden ſeine Gedanken, wie er ſich
68 979 813 1043 nachher ausdrückte, in etwas auf den Hld. u. Sein Ver⸗
65 1024 817 1090 dienſt gerichtet. Aber dieſes verlor ſich wieder, in
66 1080 818 1138 eine mehr platoniſch⸗philoſophiſche Religion; wo
72 1122 835 1185 ſeine Einbildungs⸗Kraft an hochfliegenden Gedanken,
71 1172 836 1237 tiefen Speculationen u. metaphyſiſchen Grillen,
65 1225 819 1278 wozu ſeine Neigung u. Temperament ihn antrieb,
77 1263 805 1328 ſich weiden kon̅te. Indeß beobachtete er ſehr
78 1309 829 1392 ſorgfältig, was er vor seine Paſtoral⸗Pflichten
720 1363 803 1429 hielt,
766 86 849 135 453.
