<?xml version="1.0" encoding="utf-8"?>
<pc:PcGts xmlns:pc="http://schema.primaresearch.org/PAGE/gts/pagecontent/2019-07-15" xmlns:xsi="http://www.w3.org/2001/XMLSchema-instance" xsi:schemaLocation="http://schema.primaresearch.org/PAGE/gts/pagecontent/2019-07-15 http://schema.primaresearch.org/PAGE/gts/pagecontent/2019-07-15/pagecontent.xsd" pcGtsId="GT-OCR-GN_1773_3__GN.A.167__465_cc615">
  <pc:Metadata externalRef="https://images.iiif.slub-dresden.de/iiif/2/data%2Fkitodo%2FNachaudeB_1766125301_1773_3%2FNachaudeB_1766125301_1773_3_tif%2Fjpegs%2F00000466.tif.medium.jpg/full/full/0/default.jpg">
    <pc:Creator>escriptorium</pc:Creator>
    <pc:Created>2024-01-26T15:14:02.457335Z</pc:Created>
    <pc:LastChange>2024-01-26T15:14:02.457346Z</pc:LastChange>
    <pc:MetadataItem type="processingStep" name="recognition/post-correction" value="ocrd-cor-asv-ann-join">
      <pc:Labels externalModel="ocrd-tool" externalId="parameters">
        <pc:Label value="False" type="add-filegrp-comments"/>
      </pc:Labels>
      <pc:Labels externalModel="ocrd-tool" externalId="version">
        <pc:Label value="0.1.14" type="ocrd-cor-asv-ann-join"/>
        <pc:Label value="2.60.2.dev0+gac1f15b3.d20240125" type="ocrd/core"/>
      </pc:Labels>
    </pc:MetadataItem>
  </pc:Metadata>
  <pc:Page imageFilename="465_cc615_default.jpg" imageWidth="1000" imageHeight="1609">
    <pc:TextRegion id="eSc_textblock_c37351d2" custom="structure {type:text;}">
      <pc:Coords points="249,100 245,134 206,143 228,157 910,153 932,168 942,418 932,574 946,635 932,657 939,1068 928,1157 942,1264 928,1400 775,1411 728,1386 646,1382 603,1386 574,1407 200,1411 182,1393 178,761 150,647 171,539 175,425 161,381 178,210 171,164 196,152 168,138 161,96 198,85"/>
      <pc:TextLine id="eSc_line_1594f3d6" custom="structure {type:default;}">
        <pc:Coords points="237,96 228,94 220,92 211,89 202,86 193,86 184,89 175,91 167,92 166,93 166,119 165,133 244,133 245,121 244,116 237,96"/>
        <pc:Baseline points="166,119 245,121"/>
        <pc:TextEquiv index="0">
          <pc:Unicode>462.</pc:Unicode>
        </pc:TextEquiv>
        <pc:TextEquiv conf="0.9642" index="1">
          <pc:Unicode>462.</pc:Unicode>
        </pc:TextEquiv>
      </pc:TextLine>
      <pc:TextLine id="eSc_line_6b9be8a8" custom="structure {type:default;}">
        <pc:Coords points="898,153 895,153 886,153 877,153 872,153 871,153 870,153 869,153 860,160 840,157 839,157 838,157 838,157 824,165 822,166 817,165 796,160 796,160 795,160 779,165 769,158 768,158 767,158 766,158 720,161 710,154 709,154 708,154 707,154 698,154 689,154 688,154 687,154 661,166 656,168 652,166 635,160 634,160 633,160 632,160 631,160 621,167 617,169 576,169 572,167 557,155 556,155 555,155 546,155 537,155 528,155 519,155 518,155 517,155 516,155 497,164 477,157 476,157 475,157 474,157 455,166 408,155 407,155 401,155 394,156 385,156 376,156 373,156 372,156 372,156 354,168 344,164 343,164 342,164 341,164 332,168 330,170 189,170 189,202 189,215 210,214 212,215 221,222 222,222 223,222 224,223 292,223 292,222 293,222 314,216 327,222 328,222 329,223 358,223 358,222 359,222 360,222 372,213 377,210 485,210 491,212 493,214 494,214 495,214 496,214 523,211 548,210 577,211 588,211 605,220 606,220 607,220 647,213 672,213 684,220 685,220 686,220 686,221 759,221 759,220 760,220 775,215 801,220 802,220 857,208 859,208 861,208 884,214 885,214 886,214 920,207 921,193 920,164 899,153 898,153"/>
        <pc:Baseline points="189,202 761,202 921,193"/>
        <pc:TextEquiv index="0">
          <pc:Unicode>mit ihr zum heil. Abdml. d. 14ten May 1743 wurde er</pc:Unicode>
        </pc:TextEquiv>
        <pc:TextEquiv conf="0.9869" index="1">
          <pc:Unicode>mit ihr zum heil. Abdml. d. 14ten May 1743 wurde er</pc:Unicode>
        </pc:TextEquiv>
      </pc:TextLine>
      <pc:TextLine id="eSc_line_4c69492f" custom="structure {type:default;}">
        <pc:Coords points="186,254 186,266 245,262 254,265 260,268 261,268 262,268 293,265 330,261 343,264 362,269 363,269 425,264 465,268 466,268 492,262 507,260 572,260 576,261 595,267 596,267 597,267 625,261 626,261 627,261 649,266 650,266 651,267 716,267 716,266 717,266 734,259 736,259 737,259 760,265 761,265 762,266 823,266 823,265 855,258 857,257 861,257 877,261 878,261 879,261 924,256 925,241 924,224 886,208 885,208 847,207 847,207 846,207 802,221 784,214 783,214 782,214 781,214 762,225 761,226 698,227 653,227 652,226 635,217 635,217 634,217 633,217 618,222 597,210 596,210 504,210 503,210 466,214 442,210 441,210 440,210 415,222 394,211 393,211 365,211 364,211 364,211 363,211 334,228 333,229 305,229 305,228 291,221 290,221 289,221 288,221 271,228 253,225 252,225 185,229 186,254"/>
        <pc:Baseline points="186,254 757,252 925,241"/>
        <pc:TextEquiv index="0">
          <pc:Unicode>mit der Schw. Elis. Walther, der nunmehrige Witwe,</pc:Unicode>
        </pc:TextEquiv>
        <pc:TextEquiv conf="0.9862" index="1">
          <pc:Unicode>mit der Schw. Elis. Walther, der nunmehrige Witwe,</pc:Unicode>
        </pc:TextEquiv>
      </pc:TextLine>
      <pc:TextLine id="eSc_line_b63d61d3" custom="structure {type:default;}">
        <pc:Coords points="184,298 184,326 267,321 320,324 345,325 346,325 354,323 377,318 389,322 389,322 390,322 391,322 392,322 410,310 536,310 559,316 560,316 561,316 562,316 563,316 574,309 647,309 666,318 668,319 669,319 712,322 713,322 714,322 724,317 736,311 749,317 762,322 763,322 764,322 765,322 777,316 782,313 788,316 788,316 789,316 790,316 791,316 792,316 819,309 845,309 860,315 888,324 889,324 889,324 890,324 927,313 927,296 925,260 883,260 882,260 881,260 881,260 880,261 859,276 832,266 831,266 830,266 830,266 829,266 813,278 705,278 686,266 684,264 683,264 682,264 681,264 635,265 634,265 633,265 630,268 618,276 608,268 597,260 596,260 595,260 579,260 578,260 577,260 555,269 535,278 520,270 501,261 500,261 500,261 454,266 453,266 441,272 430,279 403,279 391,274 369,265 368,265 367,265 366,265 357,269 340,262 339,262 271,261 270,261 269,261 234,278 183,279 184,298"/>
        <pc:Baseline points="184,298 927,296"/>
        <pc:TextEquiv index="0">
          <pc:Unicode>zur heil. Ehe verbunden. Im drauf folgenden Augl.</pc:Unicode>
        </pc:TextEquiv>
        <pc:TextEquiv conf="0.9678" index="1">
          <pc:Unicode>zur heil. Ehe verbunden. Im drauf folgenden Augl.</pc:Unicode>
        </pc:TextEquiv>
      </pc:TextLine>
      <pc:TextLine id="eSc_line_d70db6d6" custom="structure {type:default;}">
        <pc:Coords points="177,345 177,370 232,370 232,368 233,368 234,368 234,367 252,355 327,355 343,366 347,368 348,368 350,368 351,368 353,368 369,364 406,355 455,363 463,363 464,363 465,363 471,362 488,358 496,362 510,368 511,368 512,368 514,368 528,360 542,353 561,360 574,364 575,364 577,364 578,364 595,359 601,358 604,359 618,366 620,366 621,366 707,360 773,367 774,367 912,351 912,339 907,309 891,316 877,309 871,307 869,307 868,307 867,307 853,311 845,312 838,311 817,304 816,304 814,304 813,304 786,312 771,316 766,312 758,305 758,304 757,304 755,304 731,304 730,304 728,304 727,304 714,313 706,317 699,313 687,307 685,307 586,304 585,304 583,304 582,304 563,316 554,321 503,321 492,317 465,305 464,305 398,305 397,305 395,305 394,305 394,307 386,315 374,309 373,309 371,309 370,309 340,320 335,323 175,323 177,345"/>
        <pc:Baseline points="178,347 791,345 914,340"/>
        <pc:TextEquiv index="0">
          <pc:Unicode>ging er nach Wales, kam bald zurück, u. holte seine</pc:Unicode>
        </pc:TextEquiv>
        <pc:TextEquiv conf="0.9754" index="1">
          <pc:Unicode>ging er nach Wales, kam bald zurück, u. holte seine</pc:Unicode>
        </pc:TextEquiv>
      </pc:TextLine>
      <pc:TextLine id="eSc_line_04f82b7d" custom="structure {type:default;}">
        <pc:Coords points="189,391 189,408 245,398 307,398 317,404 318,404 319,404 320,404 321,404 334,398 398,398 407,404 408,404 409,404 410,404 443,398 460,404 468,407 469,407 470,408 587,408 587,407 588,407 598,403 610,407 611,407 612,408 700,408 700,407 734,402 773,407 774,407 845,402 871,407 872,407 872,407 873,407 889,398 889,398 917,398 918,379 915,353 865,353 864,353 864,353 862,354 844,362 833,354 832,353 831,353 830,353 813,353 813,353 802,355 762,364 746,358 745,358 745,358 744,358 728,363 710,357 705,356 704,356 703,356 703,356 698,358 676,365 655,359 639,353 638,353 637,353 636,353 635,353 628,359 616,368 585,368 562,361 550,357 549,357 548,357 526,362 502,366 497,362 496,361 495,361 494,361 493,361 492,361 489,362 478,367 468,362 454,356 453,356 452,356 451,356 444,360 423,353 423,353 422,353 421,353 420,353 408,362 389,364 360,367 356,365 341,353 340,353 339,353 314,353 313,353 313,353 288,366 287,368 250,368 249,367 235,361 234,361 233,361 188,368 189,391"/>
        <pc:Baseline points="189,391 352,388 785,391 855,388 918,379"/>
        <pc:TextEquiv index="0">
          <pc:Unicode>Frau dahin nach, da er den̅ mehrentheils in Haverford⸗</pc:Unicode>
        </pc:TextEquiv>
        <pc:TextEquiv conf="0.9902" index="1">
          <pc:Unicode>Frau dahin nach, da er den̅ mehrentheils in Haverford⸗</pc:Unicode>
        </pc:TextEquiv>
      </pc:TextLine>
      <pc:TextLine id="eSc_line_b9986441" custom="structure {type:default;}">
        <pc:Coords points="189,436 189,446 240,445 245,446 268,455 269,455 270,456 270,455 271,455 294,446 298,445 334,445 336,446 349,453 350,453 351,453 352,453 360,448 367,454 368,454 369,454 370,454 398,447 429,454 430,454 431,454 458,446 463,446 467,446 499,454 500,454 538,449 551,457 552,457 553,457 554,457 586,455 587,455 588,455 596,449 603,455 604,455 605,455 627,456 628,456 629,456 665,446 666,446 667,446 691,458 692,458 693,458 694,458 706,453 718,459 719,459 720,460 779,460 779,459 780,459 781,459 791,453 808,459 809,459 810,459 811,459 830,452 849,458 850,458 851,458 852,458 853,458 870,447 898,447 899,435 896,412 875,418 864,412 848,405 847,405 847,405 825,409 813,401 812,401 811,401 810,401 762,402 761,402 760,402 744,412 736,418 694,413 685,412 684,412 683,412 680,413 670,418 551,418 545,414 525,401 524,401 523,401 506,399 505,399 457,405 449,399 448,399 447,399 426,399 425,399 424,399 398,408 384,399 383,399 382,399 355,399 355,399 354,399 353,399 343,406 327,399 326,399 295,398 294,398 293,398 292,398 287,403 280,398 279,398 279,398 253,398 252,398 251,398 213,415 213,416 189,416 189,436"/>
        <pc:Baseline points="189,436 805,439 899,435"/>
        <pc:TextEquiv index="0">
          <pc:Unicode>west blieb, Schule hielt, gelegentl. predigte, u. mit</pc:Unicode>
        </pc:TextEquiv>
        <pc:TextEquiv conf="0.9811" index="1">
          <pc:Unicode>west blieb, Schule hielt, gelegentl. predigte, u. mit</pc:Unicode>
        </pc:TextEquiv>
      </pc:TextLine>
      <pc:TextLine id="eSc_line_ff8dd0e2" custom="structure {type:default;}">
        <pc:Coords points="182,487 182,500 372,496 379,499 383,503 384,503 385,503 386,503 419,498 426,498 432,498 473,503 474,503 474,503 486,498 489,497 500,498 550,503 550,503 551,503 567,497 573,496 578,497 593,503 594,503 595,503 770,498 777,503 778,503 779,503 779,504 855,504 855,503 855,503 856,503 867,496 868,496 890,496 891,487 890,463 867,462 845,449 844,449 843,449 842,449 816,456 803,451 802,451 801,451 800,451 774,463 770,466 669,466 665,463 652,458 651,458 650,458 628,462 616,452 615,452 614,452 613,452 612,452 600,457 582,446 581,446 580,446 444,446 443,446 442,446 441,446 429,455 412,451 411,451 410,451 409,451 408,451 389,465 389,466 380,466 379,465 355,446 354,446 353,446 307,446 306,446 305,446 305,446 288,457 258,454 257,454 256,454 234,465 234,466 182,466 182,487"/>
        <pc:Baseline points="182,487 891,487"/>
        <pc:TextEquiv index="0">
          <pc:Unicode>vielen Leuten daselbst bekan̅t wurde, welche Ursach</pc:Unicode>
        </pc:TextEquiv>
        <pc:TextEquiv conf="0.9885" index="1">
          <pc:Unicode>vielen Leuten daselbst bekan̅t wurde, welche Ursas</pc:Unicode>
        </pc:TextEquiv>
      </pc:TextLine>
      <pc:TextLine id="eSc_line_acd38f1b" custom="structure {type:default;}">
        <pc:Coords points="193,534 194,552 217,546 262,552 265,552 266,552 273,552 335,547 376,551 386,552 387,552 388,552 389,551 405,544 430,551 434,552 435,552 436,552 437,552 442,551 469,544 511,550 525,552 525,552 537,550 570,544 580,550 583,552 584,552 584,552 585,552 617,549 646,547 682,549 733,552 734,552 735,552 742,549 748,546 754,548 757,551 758,551 759,551 760,551 775,548 802,544 893,547 895,530 892,506 865,513 853,506 843,501 842,501 841,501 840,501 826,506 808,513 763,513 753,506 750,505 749,505 748,505 718,502 717,502 716,502 699,507 681,513 663,507 638,499 637,499 636,499 635,499 627,503 617,497 616,497 615,497 559,497 559,497 508,508 487,513 434,513 418,508 376,497 375,497 346,497 345,497 344,497 343,497 324,509 317,513 306,513 299,509 279,497 278,497 277,497 231,497 230,497 229,497 193,509 193,534"/>
        <pc:Baseline points="193,534 688,537 895,530"/>
        <pc:TextEquiv index="0">
          <pc:Unicode>fanden, für seinen Aufenthalt in dasiger Gegend</pc:Unicode>
        </pc:TextEquiv>
        <pc:TextEquiv conf="0.9749" index="1">
          <pc:Unicode>fanden, für seinen Aufenthalt in dasiger Gegen⸗</pc:Unicode>
        </pc:TextEquiv>
      </pc:TextLine>
      <pc:TextLine id="eSc_line_b845cbfa" custom="structure {type:default;}">
        <pc:Coords points="180,578 180,600 211,600 211,599 211,599 229,590 248,599 249,599 250,599 251,600 280,600 280,599 281,599 282,599 282,598 296,589 308,589 316,596 317,596 318,596 319,596 320,596 321,596 328,590 378,595 379,595 380,595 395,590 406,598 406,598 407,598 408,598 411,598 432,595 437,598 444,600 445,600 446,600 447,600 448,600 451,598 456,594 469,597 488,601 489,601 512,597 538,591 566,596 576,598 577,598 578,598 582,596 588,593 595,596 606,599 607,599 608,599 629,596 634,595 644,595 699,599 700,599 723,595 730,593 737,594 769,603 770,603 771,604 811,604 811,603 812,603 831,593 832,593 835,593 864,598 865,598 914,592 915,574 912,552 881,563 854,563 835,553 834,553 833,553 832,553 831,553 815,564 686,564 658,554 645,550 644,550 644,550 643,550 628,555 627,555 627,555 614,547 613,547 612,547 545,547 544,547 543,547 524,554 460,546 459,546 458,546 457,546 443,556 435,563 400,563 388,556 362,546 361,546 360,546 281,553 253,546 252,546 251,546 250,546 234,553 198,553 197,553 196,553 180,558 180,578"/>
        <pc:Baseline points="180,578 762,584 915,574"/>
        <pc:TextEquiv index="0">
          <pc:Unicode>GOtt zu danken. Im Nov. 44. kam er nach London</pc:Unicode>
        </pc:TextEquiv>
        <pc:TextEquiv conf="0.9609" index="1">
          <pc:Unicode>GOtt zu danken. Im Nov. 44. kam er nach London</pc:Unicode>
        </pc:TextEquiv>
      </pc:TextLine>
      <pc:TextLine id="eSc_line_1c9b074d" custom="structure {type:default;}">
        <pc:Coords points="183,629 183,648 264,640 283,647 285,648 286,648 287,648 288,648 290,647 312,639 324,645 325,645 361,646 421,647 422,647 423,647 423,647 425,645 431,642 454,645 483,648 484,648 485,648 495,645 508,640 580,640 597,643 624,649 625,649 626,649 644,643 646,642 647,643 658,649 659,649 660,649 661,649 661,649 680,642 686,640 705,640 707,642 716,649 717,649 718,649 719,649 779,648 780,648 805,641 808,640 811,641 839,648 840,648 841,648 842,648 858,640 896,640 897,628 895,598 863,597 862,597 861,597 855,598 837,606 829,600 828,600 827,600 826,600 825,600 815,605 798,599 791,598 790,598 789,598 779,599 758,605 747,600 737,596 737,596 610,595 609,595 608,595 579,603 556,609 536,604 517,598 516,598 516,598 515,598 500,604 489,609 477,605 466,599 465,599 413,595 412,595 411,595 410,595 397,606 396,606 393,606 385,603 384,603 383,603 382,603 375,606 367,609 183,609 183,629"/>
        <pc:Baseline points="183,629 788,631 897,628"/>
        <pc:TextEquiv index="0">
          <pc:Unicode>zurück, wo er bis Anfang des Jahrs 47. blieb, da er</pc:Unicode>
        </pc:TextEquiv>
        <pc:TextEquiv conf="0.9767" index="1">
          <pc:Unicode>zurück, wo er bis Anfang des Jahrs 47. blieb, da er</pc:Unicode>
        </pc:TextEquiv>
      </pc:TextLine>
      <pc:TextLine id="eSc_line_6612abbb" custom="structure {type:default;}">
        <pc:Coords points="157,686 184,694 185,694 186,694 186,694 211,687 220,683 230,687 247,692 248,692 249,692 250,692 262,687 270,683 275,687 292,698 293,698 294,698 295,699 350,699 350,698 351,698 382,689 425,696 426,696 461,690 480,699 481,699 482,699 483,699 483,699 500,687 503,686 550,686 553,687 577,699 578,699 610,699 611,699 612,699 646,690 805,702 806,702 807,702 838,690 908,688 909,668 908,643 778,641 777,641 776,641 775,641 772,643 741,663 700,663 679,647 678,647 677,647 677,647 658,649 657,649 656,649 640,661 559,661 531,644 522,640 521,640 520,640 498,640 497,640 496,640 490,645 485,648 478,645 467,640 466,640 466,640 465,640 455,645 452,646 450,645 440,639 440,639 439,639 438,639 437,639 412,645 393,649 373,645 367,644 366,644 365,644 362,645 322,659 289,659 250,646 245,644 244,644 243,644 242,644 237,646 211,657 177,657 160,646 158,673 157,686"/>
        <pc:Baseline points="158,673 754,682 909,668"/>
        <pc:TextEquiv index="0">
          <pc:Unicode>mit einer Gesellschaft Brr. u. Schw. nach Deutschland</pc:Unicode>
        </pc:TextEquiv>
        <pc:TextEquiv conf="0.9697" index="1">
          <pc:Unicode>mit einer Gesellschaft Brr. u. Schw. nach Deutschlang</pc:Unicode>
        </pc:TextEquiv>
      </pc:TextLine>
      <pc:TextLine id="eSc_line_29d50ed7" custom="structure {type:default;}">
        <pc:Coords points="188,722 187,735 220,744 221,744 222,744 223,744 242,735 250,732 347,732 354,735 357,738 358,738 359,738 360,738 376,735 388,732 390,735 402,744 403,744 404,744 405,744 406,744 423,734 427,732 455,732 460,734 472,743 473,743 474,743 474,743 475,743 494,735 507,744 508,744 508,744 509,744 510,744 522,741 527,745 528,745 529,745 591,746 592,746 593,746 626,737 668,746 669,747 716,747 716,746 717,746 748,736 773,744 774,744 775,744 776,744 777,744 786,737 805,741 806,741 807,741 822,733 920,732 921,713 918,696 895,699 889,696 889,695 888,695 887,695 886,695 885,695 884,695 883,696 871,705 833,705 796,697 773,691 772,691 771,691 761,697 745,705 698,704 689,698 677,689 677,689 676,689 675,689 659,690 658,690 657,690 645,698 643,699 640,698 621,689 620,689 619,689 618,689 603,695 569,688 494,688 493,688 492,688 466,699 461,701 457,699 432,688 431,688 411,688 410,688 409,688 408,688 390,700 386,703 298,703 295,701 285,696 284,696 283,696 258,701 253,702 251,701 237,692 237,692 236,692 235,692 188,701 188,722"/>
        <pc:Baseline points="188,722 720,727 835,724 921,713"/>
        <pc:TextEquiv index="0">
          <pc:Unicode>auf einen Besuch reiste, u. d. 9ten Merz in Hhaag ankam.</pc:Unicode>
        </pc:TextEquiv>
        <pc:TextEquiv conf="0.977" index="1">
          <pc:Unicode>auf einen Besuch reiste, u. d. 9ten Merz in Hhaag ankam.</pc:Unicode>
        </pc:TextEquiv>
      </pc:TextLine>
      <pc:TextLine id="eSc_line_0d10975f" custom="structure {type:default;}">
        <pc:Coords points="191,772 192,790 213,780 251,789 252,789 253,789 254,789 300,780 312,788 313,790 314,790 315,790 316,790 317,790 321,788 339,780 353,788 354,788 355,788 423,791 423,791 445,787 477,781 508,785 509,785 566,782 580,785 601,791 601,791 602,791 603,791 604,791 613,784 619,781 625,784 628,788 629,788 630,788 664,791 665,792 786,792 786,791 787,791 807,784 840,791 841,791 842,791 864,782 864,782 906,782 906,768 905,738 872,738 871,738 870,738 869,738 846,750 834,749 833,749 832,749 812,757 771,752 771,752 770,752 769,752 762,758 728,758 713,747 712,747 711,747 711,747 710,747 686,755 647,750 646,750 645,750 644,750 635,756 574,756 552,744 550,743 550,743 549,743 525,744 525,744 524,744 523,745 503,757 478,757 442,746 431,743 430,743 429,743 428,743 415,747 387,755 377,748 363,736 362,736 361,736 288,736 288,736 287,736 268,743 226,736 225,736 224,736 191,750 191,772"/>
        <pc:Baseline points="191,772 799,775 906,768"/>
        <pc:TextEquiv index="0">
          <pc:Unicode>Daselbst genoß er vielen Segen für sein eigen Herz,</pc:Unicode>
        </pc:TextEquiv>
        <pc:TextEquiv conf="0.9911" index="1">
          <pc:Unicode>Daselbst genoß er vielen Segen für sein eigen Her,</pc:Unicode>
        </pc:TextEquiv>
      </pc:TextLine>
      <pc:TextLine id="eSc_line_093b7843" custom="structure {type:default;}">
        <pc:Coords points="185,818 185,829 253,826 276,829 300,833 301,833 302,833 303,833 308,829 311,827 430,827 434,829 444,834 445,834 446,835 468,835 468,834 469,834 470,834 478,829 479,828 523,828 526,829 542,835 543,835 544,836 584,836 584,835 584,835 599,829 601,828 610,829 658,835 659,835 689,831 695,836 696,836 697,836 698,837 754,837 754,836 754,836 755,836 761,832 767,836 768,836 769,836 770,837 851,837 851,836 852,836 865,829 913,828 914,817 911,789 883,796 869,788 866,787 865,787 783,787 782,787 781,787 779,788 765,795 723,789 722,789 721,789 720,789 699,804 669,799 668,799 633,803 609,787 609,786 608,786 607,786 559,786 559,786 558,786 557,786 539,798 531,793 530,793 529,793 528,793 527,793 514,804 476,804 456,789 455,789 454,789 453,789 421,794 402,790 401,790 400,790 399,790 372,803 262,803 246,801 219,784 218,784 217,784 185,784 185,818"/>
        <pc:Baseline points="185,818 801,822 914,817"/>
        <pc:TextEquiv index="0">
          <pc:Unicode>u. ward von allen Brrn. geliebt u. geehrt. Nach einem</pc:Unicode>
        </pc:TextEquiv>
        <pc:TextEquiv conf="0.996" index="1">
          <pc:Unicode>u. ward von allen Brrn. geliebt u. geehrt. Nach einem</pc:Unicode>
        </pc:TextEquiv>
      </pc:TextLine>
      <pc:TextLine id="eSc_line_59521816" custom="structure {type:default;}">
        <pc:Coords points="183,862 182,872 201,875 221,887 222,887 223,887 224,887 279,874 298,882 299,882 321,883 322,883 322,883 323,883 330,877 363,889 364,889 364,890 384,890 384,889 385,889 404,878 419,889 420,889 421,889 451,890 452,890 453,890 454,890 462,884 475,887 476,887 559,877 613,889 614,889 681,884 707,892 708,892 754,893 754,893 779,891 779,891 780,891 794,881 832,887 833,887 834,887 851,881 910,880 911,862 910,834 852,834 851,834 850,834 813,853 674,853 641,836 632,832 631,832 630,832 603,833 602,833 601,833 596,836 589,841 550,839 550,839 549,839 548,839 527,850 463,850 425,838 417,835 416,835 415,835 415,835 408,838 400,842 395,838 381,829 381,829 380,829 379,829 378,829 350,836 337,830 336,830 335,830 295,833 279,827 278,827 223,827 222,827 221,827 183,839 183,862"/>
        <pc:Baseline points="183,862 745,872 911,862"/>
        <pc:TextEquiv index="0">
          <pc:Unicode>Aufenthalt daselbst von etl.en Monaten, ging er mit eben</pc:Unicode>
        </pc:TextEquiv>
        <pc:TextEquiv conf="0.9763" index="1">
          <pc:Unicode>Aufenthalt daselbst von etl.en Monaten, ging er mit eben</pc:Unicode>
        </pc:TextEquiv>
      </pc:TextLine>
      <pc:TextLine id="eSc_line_849050f5" custom="structure {type:default;}">
        <pc:Coords points="186,913 186,930 210,921 279,923 292,929 295,931 296,931 296,931 323,929 374,926 381,929 384,932 385,932 386,932 387,933 440,933 440,932 440,932 451,928 469,923 494,928 505,930 506,930 520,928 540,925 552,927 571,933 572,933 573,933 574,933 595,927 596,927 602,933 603,933 604,933 783,935 784,935 785,935 805,929 818,933 819,933 820,933 821,933 822,933 831,926 833,926 857,930 858,930 918,925 919,908 916,880 822,886 822,886 821,886 803,899 612,898 597,886 586,878 585,878 584,878 584,878 487,880 486,880 485,880 474,887 449,886 448,886 447,886 439,890 432,892 425,890 394,878 393,878 392,878 391,878 374,886 361,881 360,881 359,881 358,881 342,886 330,881 330,881 329,881 328,881 313,888 296,876 295,876 294,876 262,876 261,876 260,876 259,876 245,886 210,881 209,881 208,881 207,881 186,893 186,913"/>
        <pc:Baseline points="186,913 737,918 837,916 919,908"/>
        <pc:TextEquiv index="0">
          <pc:Unicode>der Gesellschaft nach London zurück, wo er mit seiner</pc:Unicode>
        </pc:TextEquiv>
        <pc:TextEquiv conf="0.9869" index="1">
          <pc:Unicode>der Gesellschaft nach London zurück, wo er mit seiner</pc:Unicode>
        </pc:TextEquiv>
      </pc:TextLine>
      <pc:TextLine id="eSc_line_40c240c4" custom="structure {type:default;}">
        <pc:Coords points="194,956 194,977 240,965 269,977 271,978 272,978 273,978 274,978 279,977 298,971 321,977 338,981 338,981 339,982 358,982 358,981 359,981 360,981 366,977 378,968 387,975 388,975 389,975 389,975 425,972 432,976 432,977 432,977 433,977 434,977 440,976 481,970 506,976 527,980 528,980 529,980 542,976 556,970 584,975 586,975 587,975 589,975 615,970 620,975 621,975 622,975 623,975 632,975 649,974 651,975 659,981 660,981 661,981 755,984 756,984 757,984 774,979 790,986 791,986 792,987 841,987 841,986 842,986 867,973 868,973 922,973 923,951 920,925 847,928 846,928 845,928 831,938 763,926 762,926 762,926 734,936 717,928 716,928 715,928 696,931 681,926 679,926 678,926 677,926 677,926 675,926 654,936 619,936 606,926 598,921 597,921 596,921 595,921 594,921 584,926 572,933 560,927 559,927 559,927 558,927 536,935 507,928 506,928 505,928 490,935 446,935 431,928 414,921 413,921 412,921 411,921 392,928 391,928 390,928 364,920 364,920 363,920 362,920 336,928 322,925 321,925 320,925 293,929 275,932 270,929 247,917 246,917 245,917 194,929 194,956"/>
        <pc:Baseline points="194,956 783,965 864,960 923,951"/>
        <pc:TextEquiv index="0">
          <pc:Unicode>Frau viele Jahre in Gnade bey GOtt u. Menschen lebte,</pc:Unicode>
        </pc:TextEquiv>
        <pc:TextEquiv conf="0.9757" index="1">
          <pc:Unicode>Frau viele Jahre in Gnade bey GOtt u. Menſchen lebte,</pc:Unicode>
        </pc:TextEquiv>
      </pc:TextLine>
      <pc:TextLine id="eSc_line_485564b8" custom="structure {type:default;}">
        <pc:Coords points="184,1010 184,1022 234,1015 261,1022 272,1025 273,1025 274,1025 275,1025 285,1022 293,1019 389,1019 398,1021 431,1030 432,1030 432,1030 433,1030 446,1026 500,1028 500,1028 501,1028 520,1020 537,1028 538,1028 559,1029 559,1029 560,1029 576,1022 589,1028 590,1028 591,1028 642,1027 643,1027 669,1020 709,1036 710,1036 711,1037 838,1037 838,1036 839,1036 840,1036 872,1018 873,1018 916,1018 917,998 915,973 855,973 855,973 854,973 853,973 825,993 807,993 785,977 784,977 783,977 782,977 781,977 780,977 760,993 726,993 704,976 703,976 703,976 702,976 701,976 668,986 641,976 640,976 639,976 638,976 607,990 578,977 577,977 576,977 576,977 549,985 539,977 538,977 537,977 474,972 474,972 473,972 453,982 441,977 440,977 440,977 439,977 438,977 419,991 365,991 348,982 347,982 347,982 346,982 345,982 332,991 303,991 275,977 274,977 273,977 272,977 245,987 216,973 215,973 184,970 184,1010"/>
        <pc:Baseline points="184,1010 364,1008 749,1014 840,1010 917,998"/>
        <pc:TextEquiv index="0">
          <pc:Unicode>der Gem. treul. diente, u. allen, die ihn predigen hörten,</pc:Unicode>
        </pc:TextEquiv>
        <pc:TextEquiv conf="0.9853" index="1">
          <pc:Unicode>der Gem. treul. diente, u. allen, die ihn predigen hörten,</pc:Unicode>
        </pc:TextEquiv>
      </pc:TextLine>
      <pc:TextLine id="eSc_line_58cdd5f3" custom="structure {type:default;}">
        <pc:Coords points="185,1053 183,1068 193,1074 194,1074 195,1074 197,1074 198,1074 206,1067 206,1065 291,1063 295,1065 302,1071 302,1072 303,1072 304,1072 306,1072 307,1072 308,1072 316,1065 319,1065 358,1075 359,1075 361,1075 362,1075 374,1065 377,1064 408,1064 414,1065 452,1075 453,1075 455,1076 570,1076 570,1075 571,1075 573,1075 573,1074 582,1065 590,1072 590,1074 591,1074 593,1074 594,1074 629,1067 754,1075 755,1075 757,1075 775,1068 797,1072 798,1072 800,1072 801,1072 801,1071 810,1063 812,1063 923,1063 924,1044 922,1020 857,1015 856,1015 855,1015 853,1015 846,1021 833,1033 702,1033 685,1024 671,1015 669,1015 668,1015 667,1015 665,1015 646,1023 618,1015 617,1015 616,1015 614,1015 587,1024 542,1020 540,1020 539,1020 538,1020 531,1027 523,1033 453,1033 449,1028 440,1020 440,1019 438,1019 437,1019 436,1019 404,1024 394,1016 394,1015 393,1015 391,1015 390,1015 334,1021 314,1016 312,1016 311,1016 310,1016 281,1025 260,1015 259,1015 226,1015 225,1015 224,1015 222,1015 200,1032 200,1033 185,1033 185,1053"/>
        <pc:Baseline points="186,1055 457,1055 793,1061 926,1045"/>
        <pc:TextEquiv index="0">
          <pc:Unicode>oder mit ihm umgingen, zur Erbauung war. Die</pc:Unicode>
        </pc:TextEquiv>
        <pc:TextEquiv conf="0.9976" index="1">
          <pc:Unicode>oder mit ihm umgingen, zur Erbauung war. Die</pc:Unicode>
        </pc:TextEquiv>
      </pc:TextLine>
      <pc:TextLine id="eSc_line_c0a96f4d" custom="structure {type:default;}">
        <pc:Coords points="187,1101 187,1111 209,1111 224,1119 225,1119 226,1119 227,1119 243,1112 245,1111 260,1112 325,1118 326,1118 327,1118 328,1118 333,1114 336,1112 340,1114 352,1118 353,1118 354,1118 355,1118 367,1114 372,1113 377,1114 402,1122 403,1122 404,1122 405,1122 430,1116 436,1114 443,1116 470,1122 471,1122 518,1117 524,1117 525,1118 532,1123 533,1123 533,1123 534,1123 570,1118 599,1114 608,1119 616,1123 617,1123 655,1124 656,1125 677,1125 677,1124 677,1124 685,1120 694,1116 730,1120 731,1120 732,1120 748,1115 771,1122 782,1125 783,1125 784,1126 834,1126 834,1125 835,1125 838,1123 854,1116 880,1116 892,1124 893,1125 894,1125 895,1125 896,1125 911,1124 912,1102 911,1069 767,1069 766,1069 765,1069 764,1069 758,1073 736,1088 713,1082 712,1082 711,1082 711,1082 694,1089 686,1084 685,1084 684,1084 683,1084 682,1084 656,1092 636,1080 635,1080 635,1080 634,1080 633,1080 614,1086 594,1079 593,1079 593,1079 592,1079 580,1085 567,1078 552,1072 551,1072 550,1072 550,1072 535,1080 514,1091 385,1091 373,1085 357,1076 356,1076 355,1076 335,1078 334,1078 333,1078 323,1086 321,1087 311,1086 259,1079 258,1079 257,1079 229,1088 212,1083 211,1083 211,1083 210,1083 187,1089 187,1101"/>
        <pc:Baseline points="187,1101 529,1107 765,1107 912,1102"/>
        <pc:TextEquiv index="0">
          <pc:Unicode>Sam̅l. der Lehrsäze des sel. Grafen v. Zinzendorf</pc:Unicode>
        </pc:TextEquiv>
        <pc:TextEquiv conf="0.9826" index="1">
          <pc:Unicode>Sam̅l. der Lehrsäze des sel. Grafen v. Zinzendorf</pc:Unicode>
        </pc:TextEquiv>
      </pc:TextLine>
      <pc:TextLine id="eSc_line_e96d805a" custom="structure {type:default;}">
        <pc:Coords points="186,1153 186,1170 355,1162 424,1162 436,1168 441,1170 442,1170 443,1170 444,1170 449,1168 463,1162 502,1168 531,1171 532,1171 560,1167 565,1167 568,1167 586,1170 587,1170 588,1170 594,1167 601,1163 609,1167 619,1172 620,1172 621,1172 651,1167 658,1172 659,1172 660,1172 661,1172 744,1169 801,1173 802,1173 803,1173 826,1168 850,1173 851,1173 852,1173 853,1173 863,1165 864,1165 914,1165 915,1150 913,1129 889,1134 882,1128 873,1122 872,1122 872,1122 832,1120 831,1120 830,1120 830,1120 819,1128 804,1140 776,1140 737,1137 725,1128 722,1126 721,1126 720,1126 720,1126 719,1126 714,1128 700,1135 683,1128 672,1123 671,1123 670,1123 669,1123 660,1128 636,1138 565,1134 564,1134 563,1134 562,1134 558,1137 539,1127 529,1121 528,1121 527,1121 526,1121 525,1121 517,1127 499,1138 474,1138 451,1137 436,1126 425,1118 424,1118 423,1118 283,1117 282,1117 281,1117 280,1117 268,1125 251,1137 238,1137 220,1125 211,1119 210,1119 209,1119 208,1119 207,1119 186,1124 186,1153"/>
        <pc:Baseline points="186,1153 800,1158 915,1150"/>
        <pc:TextEquiv index="0">
          <pc:Unicode>aus dessen Reden, u. andern Schriften, welche er in</pc:Unicode>
        </pc:TextEquiv>
        <pc:TextEquiv conf="0.9859" index="1">
          <pc:Unicode>aus dessen Reden, u. andern Schriften, welche er in</pc:Unicode>
        </pc:TextEquiv>
      </pc:TextLine>
      <pc:TextLine id="eSc_line_fa8a91d4" custom="structure {type:default;}">
        <pc:Coords points="184,1203 184,1218 217,1215 223,1218 228,1221 228,1221 229,1221 230,1221 237,1218 250,1214 262,1218 274,1221 275,1221 276,1221 313,1218 335,1216 342,1218 354,1221 355,1221 355,1222 423,1222 423,1221 439,1218 449,1215 454,1218 458,1220 459,1220 460,1220 461,1220 466,1218 468,1216 469,1218 474,1221 474,1222 475,1222 476,1222 477,1222 644,1218 661,1222 661,1222 662,1222 702,1219 813,1223 813,1223 814,1223 833,1217 920,1217 921,1200 919,1170 857,1170 856,1170 855,1170 854,1171 813,1188 745,1188 707,1173 700,1170 699,1170 698,1170 697,1170 688,1173 652,1187 547,1187 532,1176 524,1170 523,1170 522,1170 474,1169 473,1169 472,1169 457,1177 452,1179 447,1177 435,1172 434,1172 433,1172 432,1172 416,1178 409,1179 393,1178 380,1177 369,1169 368,1169 367,1169 366,1169 365,1169 338,1176 312,1169 311,1169 310,1169 309,1169 289,1179 280,1185 251,1186 239,1180 213,1168 212,1168 211,1168 211,1168 184,1180 184,1203"/>
        <pc:Baseline points="184,1203 761,1207 921,1200"/>
        <pc:TextEquiv index="0">
          <pc:Unicode>dieser Zeit verfertigt, wird ein Denkmaal bleiben,</pc:Unicode>
        </pc:TextEquiv>
        <pc:TextEquiv conf="0.9685" index="1">
          <pc:Unicode>dieser Zeit verfertigt, wird ein Denkmaal bleiben,</pc:Unicode>
        </pc:TextEquiv>
      </pc:TextLine>
      <pc:TextLine id="eSc_line_23a05485" custom="structure {type:default;}">
        <pc:Coords points="184,1253 184,1268 220,1268 220,1267 220,1267 237,1259 323,1259 333,1266 335,1268 336,1268 337,1268 338,1269 364,1269 364,1268 364,1268 365,1268 368,1266 378,1260 475,1260 500,1264 520,1269 521,1269 555,1265 709,1270 710,1271 831,1271 831,1270 832,1270 855,1262 855,1262 856,1262 876,1266 877,1266 908,1261 909,1248 907,1213 867,1213 866,1213 865,1213 864,1213 841,1223 822,1216 821,1216 796,1215 740,1213 739,1213 738,1213 729,1216 691,1228 662,1217 661,1217 661,1217 660,1217 659,1217 658,1217 638,1225 620,1221 619,1221 618,1221 601,1229 510,1229 491,1225 485,1221 474,1212 474,1212 473,1212 427,1212 426,1212 425,1212 406,1220 372,1214 372,1214 371,1214 352,1222 329,1212 328,1212 327,1212 326,1212 325,1212 317,1217 296,1213 296,1213 295,1213 275,1224 270,1227 184,1226 184,1253"/>
        <pc:Baseline points="184,1253 335,1250 806,1255 909,1248"/>
        <pc:TextEquiv index="0">
          <pc:Unicode>seines Geschmacks am Evangelio, u. seines Verstandes</pc:Unicode>
        </pc:TextEquiv>
        <pc:TextEquiv conf="0.9512" index="1">
          <pc:Unicode>seines Geschmacks am Evangelio, u. seines Verstandes</pc:Unicode>
        </pc:TextEquiv>
      </pc:TextLine>
      <pc:TextLine id="eSc_line_e3cdca90" custom="structure {type:default;}">
        <pc:Coords points="936,1257 844,1257 842,1257 841,1257 837,1259 820,1267 782,1260 777,1260 775,1260 774,1260 773,1260 757,1268 679,1263 637,1260 636,1260 634,1260 625,1264 612,1271 534,1271 527,1267 522,1261 520,1261 519,1261 518,1261 463,1268 433,1271 424,1268 404,1263 402,1263 401,1263 400,1263 385,1269 378,1272 369,1269 343,1263 342,1263 340,1263 339,1263 307,1271 296,1273 285,1272 246,1264 245,1264 244,1264 242,1264 230,1273 228,1275 181,1275 182,1297 182,1319 225,1314 232,1320 242,1328 242,1330 244,1330 245,1330 246,1331 261,1331 261,1330 263,1330 264,1330 264,1328 275,1319 280,1312 371,1312 381,1316 386,1319 387,1319 389,1319 402,1316 424,1311 429,1316 434,1320 434,1322 436,1322 437,1322 438,1322 488,1315 496,1314 499,1314 526,1327 527,1327 528,1327 561,1326 562,1326 563,1326 577,1315 754,1324 755,1324 757,1324 778,1312 837,1312 856,1320 857,1320 859,1320 860,1320 904,1305 906,1305 940,1305 940,1283 939,1276 936,1257"/>
        <pc:Baseline points="183,1298 656,1303 941,1284"/>
        <pc:TextEquiv index="0">
          <pc:Unicode>in Sachen, die die Gnaden⸗Haushaltung Gottes betreffen.</pc:Unicode>
        </pc:TextEquiv>
        <pc:TextEquiv conf="0.9665" index="1">
          <pc:Unicode>in Sachen, die die Gnaden⸗Haushaltung Gottes betreffen.</pc:Unicode>
        </pc:TextEquiv>
      </pc:TextLine>
      <pc:TextLine id="eSc_line_2ad7e7f2" custom="structure {type:default;}">
        <pc:Coords points="195,1356 236,1366 237,1366 237,1366 238,1366 254,1358 271,1365 272,1365 273,1365 345,1360 359,1369 360,1369 361,1369 362,1369 449,1360 471,1364 472,1364 473,1364 483,1360 570,1370 571,1370 663,1364 682,1371 683,1371 684,1371 724,1367 765,1372 766,1372 767,1372 794,1361 854,1365 855,1365 903,1360 904,1344 902,1317 810,1317 809,1317 808,1317 807,1317 787,1330 764,1328 763,1328 762,1328 762,1328 754,1334 718,1334 701,1322 700,1322 699,1322 698,1322 697,1322 696,1322 682,1334 628,1334 609,1322 608,1322 607,1322 579,1319 578,1319 577,1319 536,1332 514,1315 513,1315 512,1315 511,1315 510,1315 460,1332 393,1332 383,1327 382,1327 381,1327 359,1331 338,1316 337,1316 336,1316 279,1314 278,1314 277,1314 250,1327 197,1313 196,1346 195,1356"/>
        <pc:Baseline points="196,1346 739,1352 904,1344"/>
        <pc:TextEquiv index="0">
          <pc:Unicode>Er schrieb auch einen Entwurf von dem personal⸗</pc:Unicode>
        </pc:TextEquiv>
        <pc:TextEquiv conf="0.9905" index="1">
          <pc:Unicode>Er schrieb auch einen Entwurf von dem perſonal⸗</pc:Unicode>
        </pc:TextEquiv>
      </pc:TextLine>
      <pc:TextLine id="eSc_line_0db831d6" custom="structure {type:default;}">
        <pc:Coords points="778,1394 779,1406 911,1393 911,1383 907,1348 894,1347 893,1347 892,1347 891,1347 885,1352 872,1363 846,1364 838,1360 828,1353 827,1353 826,1353 825,1353 788,1356 788,1356 787,1356 787,1357 775,1369 778,1394"/>
        <pc:Baseline points="778,1394 834,1394 911,1383"/>
        <pc:TextEquiv index="0">
          <pc:Unicode>Character</pc:Unicode>
        </pc:TextEquiv>
        <pc:TextEquiv conf="0.9943" index="1">
          <pc:Unicode>Character</pc:Unicode>
        </pc:TextEquiv>
      </pc:TextLine>
    </pc:TextRegion>
  </pc:Page>
</pc:PcGts>
