1000 1609
168 87 246 133 466.
191 158 922 229 wassersüchtigen Engbrüstigkeit so krank, daß wir eine
197 216 933 275 geraume Zeit alle Morgen vermutheten, ihn an dersel⸗
182 262 916 323 ben erstickt zu finden; jedoch ließ diese nach einiger
187 312 924 371 Zeit etwas nach. Da er seiner Schwachheit gewahr
186 349 940 421 wurde, u. glaubte, daß er vielleicht nicht mehr sehr lange
198 405 915 466 hinnieden seyn würde, so bezeugte er sein großes
197 448 932 511 Verlangen, noch einmal nach Wales zu gehen, mit dem
186 492 917 560 Wunsche bey seinen Lands⸗Leuten noch etwas Gutes
197 547 920 607 auszurichten. Und weil man dachte: Die Luft in
199 589 939 657 seinem Vaterlande kön̅te seiner Brust vielleicht zuträgl.
200 641 930 709 seyn, so wurde solches genehmigt, in der Hofnung,
203 699 911 749 daß seine Brauchbarkeit uns länger erhalten, u.
191 721 942 809 seine Gesundheit, so viel mögl., gebessert werden möchte.
197 770 948 852 Dem zu Folge reiste er mit seiner Frau dahin, und
198 826 938 895 übernahm die Specielle Besorgung der Gem. zu Haver
193 882 915 935 fordwest, u. daneben lag es ihm an, den vielen er⸗
186 918 948 998 weckten Seelen in dasiger Gegend möglichst beförderl.
193 973 947 1044 zu seyn. Aus den daher erhaltenen Berichten fingen
167 1013 948 1084 wir an zu hoffen, daß es mit seiner Gesundheit besser
186 1055 939 1137 würde. Die Folge hat aber das Gegentheil gezeigt.
186 1120 912 1178 d. 11ten Octbr 1770 schreibt er: "In Ansehung
198 1151 936 1230 der Engbrüstigkeit ist es etwas besser; ich kan doch
190 1205 944 1281 nun im Bette liegen u. etwas schlafen, wofür ich sehr
194 1252 946 1330 dankbar bin. Ich denke aber, es zeigt sich nun im̅er
194 1303 947 1381 klärer, daß ich einen wirkl.en Zufall von der Wassersucht
847 1355 924 1404 habe
