1000 1609
78 153 809 227 Demuth, Andacht, Christl.e, u. sich in Wahrheit
70 216 828 271 als ein Diener der Kirche anzusehen, wen̅ man gleich
68 254 813 324 ihr Bischof ist, die eigenthüml.e Beschaffenheit u. Kirche
70 302 585 368 der christl.en Bischofs⸗Würde ist.
71 353 814 415 Unser sel. Br. hatte Gnade für seine eigene Person; u.
67 401 795 464 diese Gnade machte, daß er um desto mehr geehrt
65 450 835 506 wurde, da sein Rang ihn nicht verdarb, wie manchmal
65 492 815 554 ein ausgezeichneter Stand denen, die ihn bekleiden, zur
57 540 817 607 Gelegenheit wird, daß sie Schaden nehmen. So war
67 595 831 654 sein Bischofs⸗Amt beschaffen, u. er wurde nicht nur von
65 648 814 699 unsren Brrn., sondern auch von den Fremden aller Par⸗
64 686 796 749 theyen hochgeschäzt. Seit abgedachtem Jahre 1754
70 741 796 797 verbrachte er so wie vorher, seine meiste Zeit in
74 778 828 842 London, diente dieser Gem. auf allerl. Weise, liebte
67 828 824 888 sie u. wurde von jedem Gliede derselben wieder geliebt,
73 877 837 937 u. unterhielt mit allen Gem.en in Engl. einen Brief⸗Wechsel.
82 921 824 983 Im Jahr 1704. ging er zu dem General⸗Synodo, der
70 975 796 1036 in Teutschl. gehalten wurde, u. hatte das Vergnügen,
76 1013 812 1082 bey dieser merkwürdigen Zusam̅enkunft so vieler
75 1071 822 1128 Knechte Gottes gegenwärtig zu seyn. Er wurde von ihnen
80 1119 814 1182 geehrt u. geliebt. Von da kam er nach London zurück,
83 1167 813 1225 wo er mehrentheils bis 1768 blieb, ausgenom̅en, daß
76 1214 816 1273 er nach Irrland reiste, daselbst die Gem. zu Coothill ein⸗
73 1261 808 1319 richtete, u. über Yorkshire zurückkehrte. Gegen das
82 1312 810 1373 Ende des Aufenthalts in London, wurde er an einer
673 1367 805 1427 wasser⸗
770 83 847 138 465.
