1000 1609
161 71 241 120 188.
178 151 942 219 Der Fremde fing an darüber zu lachen. Die andern
168 203 933 269 aber hießen ihn ſtille ſeyn, u. er that es auch gleich.
154 255 924 320 D. 13ten früh kam Manuina mit ſeinem Schwager
160 297 932 368 in unſer Haus. Erſterer ſagte: daß er mit ſeiner
170 350 937 421 ganzen Familie nach Aukpallartok /: od. rothe Jnſel :/
159 407 930 463 u. von da mit ſeinem Schwager weiter nach Norden
165 449 940 514 fahren werde, um dort Wallfiſche zu fangen. Nachher
163 494 938 566 haben wir gemerkt, daß ihr Son̅enfeſt eine Haupt-
152 544 941 611 Triebfeder war. Nachdem ſie uns verſprochen hatten,
161 595 921 659 daß ſie fleiſſig daran denken wolten, was ſie hier
161 641 928 709 gehört haben, ſo fuhren ſie mit 2 Schlitten, die an
155 690 928 752 einander gebunden waren; ab. Am Chriſt-Abend
153 742 937 807 D. 24ten Dec. beſangen wir unſern Menſchgewordenen
160 785 932 852 GOtt, das Kindl. in der Krippe, mit teutſchen u. englen
153 835 922 898 Verſen. Wir opferten uns Jhm mit Leib u. Seel
157 877 919 949 auf, Jhm willig zu dienen u. zu Gebote zu ſtehen,
145 930 921 998 wozu Er uns brauchen will in dieſem rauhen Lande,
153 977 934 1047 unter dieſer armen Nation, der wir auch ſehnl. wünſchen,
140 1025 918 1091 bald in den Genuß Seiner verdienſtlen Menſchwer-
156 1078 924 1135 dung, Marter u. Tod zu kom̅en. Am Chriſttag d. 25ten
150 1120 903 1186 hielt uns Br. Drachart eine Predigt. D. 27ten kam
152 1171 922 1234 Manuina wieder bey uns an. Er war allein voran-
151 1222 914 1281 gegangen, u. eine Stunde nachher langte auch ſeine 2te
164 1270 923 1333 Frau u. ſeine Schw. an. Weil ihr Haus ſo von Kälte
151 1314 894 1393 durchdrungen war, daß es in vielen Stunden nicht
828 1367 898 1424 hätte
