1000 1609
784 67 867 117 185.
62 142 838 219 bat uns, ihm ein Boot zu borgen. Weil wir ihm daſ-
70 195 859 272 ſelbe nicht in die Hände geben, auch zugl. einen gewiſſen
75 247 837 312 Ort unterſuchen wolten, ob man nicht daſelbſt See-
69 290 827 362 hund Neze ſezen kön̅te : ſo fuhren d. 18ten die Brüder
73 337 845 414 Steph. Jenſen, Haven, Joſ. Neiſser, Turner u. Liſter
67 397 815 461 mit ihm, ſeiner einen Frau u. 3 Kindern dahin. Die
75 439 852 514 Esquimaux haben haben uns ſchon oft gefragt, ob wir hübſch
66 490 839 559 viel Proviant mit hätten, weil der Winter kalt iſt
71 538 838 603 u. lange währt? Wir haben ihnen geſucht, alle Hof-
67 593 843 664 nung zu benehmen, Lebens-Mittel bey uns zu bekom-
70 632 838 706 men, wen̅ es ihnen daran mangelte. Sonſt ſind
77 687 797 750 ſie überhaupt ſehr dreiſte, allerl. zu verlangen.
84 734 836 797 D. 18ten um Mittag, kamen unſre 5 Brr. mit den Es-
76 779 823 845 quimaux glückl. wieder zu uns. Sie haben an be-
76 836 839 892 ſagtem Orte ein Haus angetroffen, wo nur wenig
81 871 830 943 Leute zu Hauſe waren. Dieſelben haben unſre Brr.
75 918 839 998 ſehr freundl. behandelt, u. ihnen Plaz zum ſchlafen
70 977 840 1040 eingeräumt. Br. Jens Haven hat viel mit ihnen
69 1019 859 1084 vom l. Hld. geredt u. geſungen, u. ſie ſind dabey ſtille
80 1064 844 1138 geweſen. Manuina hat es gleichſam beſtättigt.
81 1109 862 1190 Der Plaz war übrigens zu breit u. zu tief, Seehund-
71 1163 848 1236 Neze zu ſezen. Manuina hat auch nichts bekom̅en.
80 1212 841 1283 Wir ſind ſeit unſerm Hierſeyn ſchon oft auf
80 1260 866 1330 die Jagd gegangen, haben aber nichts gekriegt. Aber
91 1314 846 1401 d. 19ten brachte Br. Joſ. Neiſser die 2 ersten Ripper;
700 1371 814 1431 welche
