<?xml version="1.0" encoding="utf-8"?>
<pc:PcGts xmlns:pc="http://schema.primaresearch.org/PAGE/gts/pagecontent/2019-07-15" xmlns:xsi="http://www.w3.org/2001/XMLSchema-instance" xsi:schemaLocation="http://schema.primaresearch.org/PAGE/gts/pagecontent/2019-07-15 http://schema.primaresearch.org/PAGE/gts/pagecontent/2019-07-15/pagecontent.xsd" pcGtsId="GT-OCR-GN_1773_3__GN.A.167__186_ac8d2">
  <pc:Metadata externalRef="https://images.iiif.slub-dresden.de/iiif/2/data%2Fkitodo%2FNachaudeB_1766125301_1773_3%2FNachaudeB_1766125301_1773_3_tif%2Fjpegs%2F00000187.tif.medium.jpg/full/full/0/default.jpg">
    <pc:Creator>escriptorium</pc:Creator>
    <pc:Created>2024-01-26T15:14:01.178047Z</pc:Created>
    <pc:LastChange>2024-01-26T15:14:01.178058Z</pc:LastChange>
    <pc:MetadataItem type="processingStep" name="recognition/post-correction" value="ocrd-cor-asv-ann-join">
      <pc:Labels externalModel="ocrd-tool" externalId="parameters">
        <pc:Label value="False" type="add-filegrp-comments"/>
      </pc:Labels>
      <pc:Labels externalModel="ocrd-tool" externalId="version">
        <pc:Label value="0.1.14" type="ocrd-cor-asv-ann-join"/>
        <pc:Label value="2.60.2.dev0+gac1f15b3.d20240125" type="ocrd/core"/>
      </pc:Labels>
    </pc:MetadataItem>
  </pc:Metadata>
  <pc:Page imageFilename="186_ac8d2_default.jpg" imageWidth="1000" imageHeight="1609">
    <pc:TextRegion id="eSc_textblock_66ecf779" custom="structure {type:text;}">
      <pc:Coords points="867,75 864,106 824,125 832,146 860,153 864,264 864,521 838,579 831,667 878,829 860,901 871,1028 856,1108 856,1397 835,1415 718,1418 67,1393 57,1289 67,1157 60,371 50,288 64,164 100,146 236,135 421,143 521,114 600,139 710,132 763,117 779,75 805,64"/>
      <pc:TextLine id="eSc_line_6eb28397" custom="structure {type:default;}">
        <pc:Coords points="853,72 844,70 835,69 826,67 817,66 809,64 807,64 799,66 790,69 781,73 782,98 782,109 860,117 861,97 859,72 853,72"/>
        <pc:Baseline points="782,98 861,97"/>
        <pc:TextEquiv index="0">
          <pc:Unicode>183.</pc:Unicode>
        </pc:TextEquiv>
        <pc:TextEquiv conf="0.9995" index="1">
          <pc:Unicode>183.</pc:Unicode>
        </pc:TextEquiv>
      </pc:TextLine>
      <pc:TextLine id="eSc_line_dea829c3" custom="structure {type:default;}">
        <pc:Coords points="72,195 73,212 84,208 124,211 125,211 126,211 127,211 127,211 137,205 154,210 155,210 156,211 178,211 209,211 209,210 212,210 295,200 409,208 415,208 416,208 417,208 418,208 429,202 462,207 464,207 465,207 466,207 507,197 652,197 662,204 663,204 664,204 665,205 684,205 684,204 685,204 686,204 697,195 782,193 830,202 831,185 830,167 811,160 810,160 809,160 808,160 798,164 757,145 756,145 741,145 740,145 739,145 738,145 722,156 694,145 693,145 692,145 610,147 609,147 608,147 601,151 547,148 546,148 545,148 544,148 516,168 513,171 462,171 456,168 409,150 408,150 355,150 354,150 353,150 312,169 307,172 305,169 303,168 302,168 301,168 300,168 299,168 298,168 296,170 291,174 137,176 107,171 78,167 77,167 76,167 76,167 71,168 72,195"/>
        <pc:Baseline points="72,195 831,185"/>
        <pc:TextEquiv index="0">
          <pc:Unicode>ſo fingen wir d. 12ten unſre wöchentl.en Verſam̅l.en an,</pc:Unicode>
        </pc:TextEquiv>
        <pc:TextEquiv conf="0.9689" index="1">
          <pc:Unicode>ſo fingen wir d. 12ten unſre wöchentl.en Verſam̅l.en an,</pc:Unicode>
        </pc:TextEquiv>
      </pc:TextLine>
      <pc:TextLine id="eSc_line_2f813589" custom="structure {type:default;}">
        <pc:Coords points="73,249 153,261 154,261 155,261 180,249 186,249 218,250 247,260 248,260 249,260 250,260 276,252 340,259 341,259 396,254 430,258 431,258 432,258 464,249 484,255 485,255 486,255 487,255 507,250 559,255 559,255 560,255 591,247 594,246 601,247 636,252 637,252 680,246 703,244 838,245 838,235 838,208 823,199 822,199 822,199 788,199 788,199 787,199 755,210 725,221 696,221 681,215 680,215 679,215 678,215 660,221 636,211 628,208 627,208 627,208 626,208 625,208 619,211 601,222 573,218 572,218 537,222 530,217 529,217 528,217 527,217 526,217 525,217 517,224 376,224 355,215 331,204 330,204 251,204 250,204 181,207 180,207 160,217 149,223 139,218 123,208 122,208 121,208 120,208 119,208 118,208 104,218 99,221 73,219 73,239 73,249"/>
        <pc:Baseline points="73,239 319,243 838,235"/>
        <pc:TextEquiv index="0">
          <pc:Unicode>u. der l. Hld. bekan̅te ſich zu uns Seinen Armen u. Blöden.</pc:Unicode>
        </pc:TextEquiv>
        <pc:TextEquiv conf="0.9911" index="1">
          <pc:Unicode>u. der l. Hld. bekan̅te ſich zu uns Seinen Armen u. Blöden.</pc:Unicode>
        </pc:TextEquiv>
      </pc:TextLine>
      <pc:TextLine id="eSc_line_70eda35f" custom="structure {type:default;}">
        <pc:Coords points="78,297 277,306 278,306 374,298 405,304 406,304 406,304 425,299 475,304 476,304 477,304 492,297 498,294 503,297 516,303 517,303 518,303 538,303 538,303 539,303 540,303 547,297 551,294 593,294 605,297 626,303 627,303 627,303 654,303 654,303 655,303 669,297 674,294 682,297 698,302 699,302 700,302 701,302 720,297 737,293 816,293 824,296 830,301 831,301 832,301 833,301 834,301 848,296 848,283 847,245 789,245 788,245 788,245 787,245 761,262 711,262 690,253 689,253 688,253 687,253 670,260 640,252 639,252 638,252 637,252 636,252 620,263 576,264 524,264 483,248 483,248 482,248 464,248 444,249 443,249 415,262 399,254 398,254 398,254 397,254 370,265 338,259 338,259 301,265 289,258 288,258 288,258 287,258 286,258 271,265 236,251 235,251 201,251 200,251 199,251 198,251 180,263 167,254 166,254 165,254 78,252 78,285 78,297"/>
        <pc:Baseline points="78,285 287,291 848,283"/>
        <pc:TextEquiv index="0">
          <pc:Unicode>D. 25ten kam eine Familie Esquimaux auf unſerm Lande,</pc:Unicode>
        </pc:TextEquiv>
        <pc:TextEquiv conf="0.9946" index="1">
          <pc:Unicode>D. 25ten kam eine Familie Esquimaux auf unſerm Lande,</pc:Unicode>
        </pc:TextEquiv>
      </pc:TextLine>
      <pc:TextLine id="eSc_line_d74c8b18" custom="structure {type:default;}">
        <pc:Coords points="73,356 125,363 126,363 161,354 181,350 222,350 228,353 232,355 233,355 234,355 235,355 236,355 245,353 258,349 270,352 289,357 290,357 291,357 321,351 326,350 328,351 341,357 342,357 343,357 384,349 397,347 402,349 427,358 428,358 429,358 460,357 461,357 462,357 477,348 514,353 515,353 516,353 537,348 557,356 558,356 559,356 592,355 593,355 614,344 617,343 632,344 649,345 664,354 665,354 666,354 667,354 705,353 706,353 707,353 726,341 727,341 735,341 805,346 805,346 844,338 844,330 841,311 661,314 650,308 626,294 625,294 624,294 623,294 608,294 607,294 606,294 588,308 576,316 550,316 536,309 535,309 534,309 500,315 488,306 482,302 481,302 480,302 479,302 478,302 469,306 447,319 404,319 372,305 366,303 365,303 364,303 316,304 315,304 314,304 298,311 279,304 264,300 263,300 262,300 237,303 231,304 226,303 209,301 208,301 207,301 206,301 203,303 195,309 188,303 185,301 184,301 183,301 182,301 73,303 73,333 73,356"/>
        <pc:Baseline points="73,333 124,340 203,342 844,330"/>
        <pc:TextEquiv index="0">
          <pc:Unicode>u. ſezte ihr Zelt bey uns auf. Sie iſt vorher hier gewe-</pc:Unicode>
        </pc:TextEquiv>
        <pc:TextEquiv conf="0.9846" index="1">
          <pc:Unicode>u. ſezte ihr Zelt bey uns auf. Sie iſt vorher hier gewe-</pc:Unicode>
        </pc:TextEquiv>
      </pc:TextLine>
      <pc:TextLine id="eSc_line_88dbbc37" custom="structure {type:default;}">
        <pc:Coords points="75,403 184,408 185,408 292,400 326,405 327,405 328,405 354,398 355,398 380,404 381,404 381,404 422,396 425,396 435,396 498,399 499,399 500,399 516,395 519,395 523,395 572,402 573,402 574,402 601,394 602,394 646,398 647,398 648,398 665,394 674,400 675,400 676,400 677,400 730,394 737,398 738,398 739,398 740,399 789,399 789,398 790,398 809,389 853,388 853,379 852,360 813,342 812,342 811,342 772,348 771,348 744,360 738,362 732,360 713,354 712,354 711,354 688,360 684,361 682,360 660,345 659,345 658,345 657,345 598,345 597,345 596,345 575,360 568,364 549,361 548,361 457,366 440,360 409,348 408,348 407,348 345,350 344,350 326,360 304,350 303,350 302,350 253,351 252,351 251,351 236,360 220,370 112,371 74,361 75,388 75,403"/>
        <pc:Baseline points="75,388 94,386 151,389 322,389 853,379"/>
        <pc:TextEquiv index="0">
          <pc:Unicode>ſen, u. da ſie damals weggingen, fuhren ſie zu dem</pc:Unicode>
        </pc:TextEquiv>
        <pc:TextEquiv conf="0.9923" index="1">
          <pc:Unicode>ſen, u. da ſie damals weggingen, fuhren ſie zu dem</pc:Unicode>
        </pc:TextEquiv>
      </pc:TextLine>
      <pc:TextLine id="eSc_line_fb39f426" custom="structure {type:default;}">
        <pc:Coords points="79,447 157,454 158,454 159,454 186,447 203,454 204,454 205,454 254,446 254,446 268,454 269,454 270,454 305,452 306,452 330,446 336,445 345,446 392,452 393,452 394,452 395,452 404,446 405,445 406,445 423,451 424,451 425,452 461,452 461,451 516,444 537,442 549,444 570,448 571,448 572,448 587,444 597,441 611,444 630,446 631,446 673,443 677,443 677,443 684,447 685,447 686,447 686,447 845,441 846,430 844,386 818,386 817,386 816,386 815,386 806,392 795,388 794,388 793,388 792,388 791,388 779,395 746,395 733,387 729,386 728,386 728,386 727,386 720,387 686,397 671,388 669,387 669,387 668,387 667,387 666,387 661,388 652,393 618,389 600,387 599,387 598,387 597,387 594,389 575,404 543,390 538,388 537,388 536,388 535,388 531,391 493,411 460,412 402,412 384,405 383,405 382,405 381,405 381,405 371,412 326,412 299,398 298,398 297,398 296,398 288,402 250,395 236,394 235,394 234,394 228,396 191,414 168,400 167,400 166,400 165,400 164,400 150,407 130,398 123,395 122,395 121,395 79,399 79,430 79,447"/>
        <pc:Baseline points="79,430 143,439 249,440 846,430"/>
        <pc:TextEquiv index="0">
          <pc:Unicode>bey dieſer Nation bekan̅ten Angekok, daß derſelbe</pc:Unicode>
        </pc:TextEquiv>
        <pc:TextEquiv conf="0.9792" index="1">
          <pc:Unicode>bey dieſer Nation bekan̅ten Angekok, daß derſelbe</pc:Unicode>
        </pc:TextEquiv>
      </pc:TextLine>
      <pc:TextLine id="eSc_line_c901796c" custom="structure {type:default;}">
        <pc:Coords points="67,483 67,506 85,506 85,505 86,505 104,497 148,505 152,505 153,505 154,505 156,504 170,497 184,504 187,505 188,505 189,505 215,504 216,504 219,503 236,496 252,500 253,500 254,500 290,498 296,501 301,504 302,504 303,504 304,504 314,501 330,496 337,500 338,501 338,501 339,501 340,501 348,500 363,497 389,499 445,503 446,503 514,502 515,502 532,496 543,491 665,491 678,493 729,500 730,500 731,500 754,491 758,490 763,491 793,497 794,497 822,489 822,480 821,439 796,439 795,439 794,439 793,439 771,454 752,457 728,457 699,445 698,445 697,445 696,445 671,456 644,445 635,440 634,440 633,440 602,441 601,441 601,441 594,446 576,459 526,459 511,449 502,442 501,442 500,442 500,442 462,450 440,455 434,451 423,443 422,443 421,443 420,443 360,447 353,443 352,443 351,443 350,443 306,445 305,445 287,452 267,444 266,444 265,444 239,445 238,445 237,445 216,458 210,463 67,463 67,483"/>
        <pc:Baseline points="67,483 336,488 822,480"/>
        <pc:TextEquiv index="0">
          <pc:Unicode>ihrem kranken Sohn helfen möchte; er kon̅te aber nicht.</pc:Unicode>
        </pc:TextEquiv>
        <pc:TextEquiv conf="0.9918" index="1">
          <pc:Unicode>ihrem kranken Sohn helfen möchte; er kon̅te aber nicht.</pc:Unicode>
        </pc:TextEquiv>
      </pc:TextLine>
      <pc:TextLine id="eSc_line_8e872c6b" custom="structure {type:default;}">
        <pc:Coords points="74,536 74,548 109,547 112,549 115,552 116,552 117,552 118,552 118,552 124,549 127,547 135,549 159,554 160,554 161,554 177,548 185,547 187,548 194,553 194,553 195,553 196,553 272,549 301,554 302,554 303,554 326,547 338,544 351,547 380,553 381,553 381,553 400,547 422,552 423,552 423,552 497,550 520,545 537,541 552,545 565,547 566,547 579,545 596,540 608,544 623,549 624,549 625,549 649,544 667,539 677,544 688,548 689,548 690,548 744,547 745,547 759,543 770,539 849,541 851,529 847,491 825,497 811,492 809,491 808,491 807,491 702,495 701,495 646,513 633,513 603,497 598,494 597,494 596,494 567,495 567,495 566,495 561,497 554,503 542,498 535,496 534,496 533,496 533,496 532,496 528,498 505,513 457,513 440,501 434,497 433,497 432,497 432,497 408,497 407,497 406,497 401,502 381,515 328,511 327,511 326,511 325,511 317,516 205,513 204,513 203,513 185,518 166,507 154,500 153,500 152,500 152,500 100,501 99,501 73,509 74,536"/>
        <pc:Baseline points="74,536 277,539 851,529"/>
        <pc:TextEquiv index="0">
          <pc:Unicode>Darum kamen ſie wieder u. dachten, vielleicht würde</pc:Unicode>
        </pc:TextEquiv>
        <pc:TextEquiv conf="0.9679" index="1">
          <pc:Unicode>Darum kamen ſie wieder u. dachten, vielleicht würde</pc:Unicode>
        </pc:TextEquiv>
      </pc:TextLine>
      <pc:TextLine id="eSc_line_761f1601">
        <pc:Coords points="326,537 293,549 287,543 287,541 285,541 284,541 283,541 206,548 177,539 175,539 174,539 173,539 150,545 93,537 92,537 91,537 89,537 83,543 73,534 71,575 69,604 162,606 163,606 175,604 226,593 252,603 260,606 261,606 263,606 264,606 265,606 268,603 279,596 323,596 330,602 334,606 334,607 335,607 336,607 338,607 365,602 409,592 432,602 434,602 436,602 437,602 444,600 489,592 515,600 528,604 530,604 531,604 532,604 544,600 566,592 668,592 679,598 695,606 696,606 697,606 699,606 714,598 722,593 734,598 743,600 744,600 746,600 747,600 753,598 761,593 798,596 801,580 800,539 742,539 740,539 739,539 738,539 719,553 693,553 676,539 675,539 673,539 672,539 567,551 553,539 553,537 551,537 550,537 543,537 520,537 519,537 518,537 516,537 499,552 460,552 448,541 448,540 446,540 445,540 444,540 442,540 412,549 400,539 400,537 398,537 397,537 395,537 394,537 393,537 377,549 338,537 326,537"/>
        <pc:Baseline points="72,576 802,581"/>
        <pc:TextEquiv index="0">
          <pc:Unicode>ich /:ſo ſchreibt Br. Braſen :/ ihm helfen. Wir ſagten</pc:Unicode>
        </pc:TextEquiv>
        <pc:TextEquiv conf="0.9732" index="1">
          <pc:Unicode>ich /:/ schreibt Br. Braſen :/ ihm helfen. Wir ſagten</pc:Unicode>
        </pc:TextEquiv>
      </pc:TextLine>
      <pc:TextLine id="eSc_line_8ff3e713" custom="structure {type:default;}">
        <pc:Coords points="76,628 77,655 101,645 141,652 142,652 177,648 188,653 189,653 190,653 193,653 253,643 349,647 350,647 375,641 407,649 410,649 411,649 414,649 453,640 482,648 484,648 485,648 486,648 492,648 547,638 582,638 595,646 596,647 597,647 598,647 599,647 610,646 684,636 754,643 766,644 767,644 768,644 772,643 801,634 813,642 817,624 816,599 789,589 788,589 788,589 787,589 786,589 771,600 761,608 713,608 699,601 681,591 680,591 604,591 603,591 551,592 550,592 550,592 533,603 522,612 417,613 402,606 386,598 385,598 384,598 383,598 382,598 370,606 356,614 345,614 323,606 295,597 294,597 293,597 228,598 227,598 226,598 215,605 194,599 194,599 193,599 192,599 191,599 176,608 161,617 106,617 96,610 88,604 87,604 86,604 85,604 84,604 84,604 76,608 76,628"/>
        <pc:Baseline points="76,628 185,634 346,634 817,624"/>
        <pc:TextEquiv index="0">
          <pc:Unicode>ihnen, daß die Cur dieſer Krankheit, Zeit brauchte.</pc:Unicode>
        </pc:TextEquiv>
        <pc:TextEquiv conf="0.9856" index="1">
          <pc:Unicode>ihnen, daß die Cur dieſer Krankheit, Zeit brauchte.</pc:Unicode>
        </pc:TextEquiv>
      </pc:TextLine>
      <pc:TextLine id="eSc_line_7dea8770" custom="structure {type:default;}">
        <pc:Coords points="70,673 70,691 118,696 118,696 119,696 132,691 155,701 156,701 157,701 217,699 260,690 330,698 331,698 332,698 354,690 507,694 508,694 554,687 581,682 675,682 687,685 701,688 702,688 718,685 747,679 807,683 808,670 807,648 772,634 771,634 771,634 770,634 769,634 749,648 745,651 743,649 727,638 726,638 725,638 724,638 723,638 698,646 677,636 677,636 676,636 675,636 674,636 652,649 648,653 631,655 512,656 499,651 490,648 489,648 488,648 487,648 479,651 466,657 449,652 430,646 429,646 428,646 427,646 408,652 402,654 390,652 326,643 325,643 273,650 260,645 259,645 258,645 257,645 256,645 243,654 229,663 176,663 156,655 136,648 135,648 135,648 85,648 84,648 69,655 70,673"/>
        <pc:Baseline points="70,673 145,682 267,683 808,670"/>
        <pc:TextEquiv index="0">
          <pc:Unicode>Wen̅ ſie den Winter auf unſerm Lande bleiben</pc:Unicode>
        </pc:TextEquiv>
        <pc:TextEquiv conf="0.9768" index="1">
          <pc:Unicode>Wen̅ ſie den Winter auf unſerm Lande bleiben</pc:Unicode>
        </pc:TextEquiv>
      </pc:TextLine>
      <pc:TextLine id="eSc_line_8b900c42" custom="structure {type:default;}">
        <pc:Coords points="69,723 69,737 115,742 116,742 143,739 190,748 191,748 242,747 243,747 261,740 279,746 280,746 281,746 342,745 343,745 344,745 351,740 372,744 373,744 374,744 395,738 422,744 423,744 423,744 459,734 468,732 474,734 477,736 478,736 479,736 488,734 502,732 566,732 568,733 580,741 581,741 582,741 583,742 613,742 613,741 614,741 631,733 639,730 656,733 676,737 677,737 677,737 691,733 702,730 710,732 715,735 716,735 717,735 734,732 764,728 820,732 821,720 818,699 694,700 690,699 663,683 662,683 661,683 592,684 591,684 590,684 574,696 551,685 550,685 532,685 531,685 530,685 529,685 521,690 508,690 507,690 506,690 505,690 494,699 486,705 424,705 396,698 354,688 353,688 352,688 329,698 309,707 288,698 266,689 265,689 264,689 228,690 228,690 213,698 203,703 169,703 154,698 132,690 131,690 130,690 108,691 107,691 106,691 98,698 92,702 68,698 69,723"/>
        <pc:Baseline points="69,723 188,732 273,732 582,723 821,720"/>
        <pc:TextEquiv index="0">
          <pc:Unicode>wolten : ſo wolte ich mein möglichſtes thun. Sie ver-</pc:Unicode>
        </pc:TextEquiv>
        <pc:TextEquiv conf="0.9818" index="1">
          <pc:Unicode>wolten : ſo wolte ich mein möglichſtes thun. Sie ver-</pc:Unicode>
        </pc:TextEquiv>
      </pc:TextLine>
      <pc:TextLine id="eSc_line_a0e1c7e4" custom="structure {type:default;}">
        <pc:Coords points="74,781 74,793 122,789 164,791 175,792 176,792 177,792 178,791 187,788 193,791 202,798 203,798 203,798 204,798 266,797 326,789 335,788 342,789 391,794 392,794 437,786 442,786 448,786 496,791 497,791 526,785 534,783 541,784 566,790 567,790 595,783 613,780 637,783 687,789 688,789 689,789 712,781 722,778 734,781 743,783 744,783 756,780 771,777 780,780 789,783 790,783 791,783 847,778 847,766 846,747 828,747 792,725 791,725 790,725 751,725 750,725 705,732 643,728 642,728 641,728 640,728 609,747 602,751 436,753 426,748 406,737 406,737 380,735 379,735 378,735 377,735 361,747 342,744 341,744 340,744 339,744 333,749 330,750 325,749 307,741 306,741 305,741 305,741 292,744 274,734 273,734 272,734 248,738 247,738 246,738 228,749 213,758 186,749 149,737 148,737 147,737 106,738 105,738 72,749 74,781"/>
        <pc:Baseline points="74,781 847,766"/>
        <pc:TextEquiv index="0">
          <pc:Unicode>ſprachen ſolches. Die Brr. Drachart, Schneider</pc:Unicode>
        </pc:TextEquiv>
        <pc:TextEquiv conf="0.9929" index="1">
          <pc:Unicode>ſprachen solches. Die Brr. Drachart, Schneider</pc:Unicode>
        </pc:TextEquiv>
      </pc:TextLine>
      <pc:TextLine id="eSc_line_cf797e47" custom="structure {type:default;}">
        <pc:Coords points="72,835 173,835 231,848 232,848 297,837 330,844 330,844 331,844 344,840 351,843 352,843 353,844 353,843 354,843 368,835 376,842 377,842 378,842 379,842 404,836 420,843 421,843 422,843 462,833 467,833 475,833 515,839 516,839 544,833 566,829 588,833 593,833 593,833 602,833 633,830 637,833 652,842 653,842 654,842 655,842 723,842 724,842 725,842 738,833 746,827 767,833 780,835 781,835 828,832 829,817 826,779 753,780 752,780 751,780 750,781 731,794 716,783 715,783 714,783 706,783 695,782 694,782 687,783 630,796 615,785 610,782 610,782 609,782 590,782 589,782 588,782 573,786 550,793 542,787 534,783 533,783 533,783 519,783 518,783 517,783 507,789 495,795 478,789 469,786 468,786 467,786 466,786 466,786 459,790 446,798 426,791 404,783 403,783 402,783 401,783 384,792 372,800 359,800 341,793 313,784 312,784 311,784 280,788 279,788 264,796 256,800 176,800 170,799 155,792 154,792 153,792 152,792 152,792 143,800 141,801 139,800 133,795 132,795 131,795 130,795 129,795 128,795 122,800 119,802 72,802 72,819 72,835"/>
        <pc:Baseline points="72,819 177,828 381,829 609,820 829,817"/>
        <pc:TextEquiv index="0">
          <pc:Unicode>u. Haven, ſagten ihnen viel von ihrem Schöpfer u.</pc:Unicode>
        </pc:TextEquiv>
        <pc:TextEquiv conf="0.9834" index="1">
          <pc:Unicode>u. Haven, ſagten ihnen viel von ihrem Schöpfer u.</pc:Unicode>
        </pc:TextEquiv>
      </pc:TextLine>
      <pc:TextLine id="eSc_line_6a0f573f" custom="structure {type:default;}">
        <pc:Coords points="84,884 114,882 118,884 130,892 131,892 132,892 133,893 148,893 148,892 149,892 178,884 186,890 187,890 188,890 236,892 237,892 296,882 308,880 320,882 344,885 345,885 346,885 362,881 369,879 377,881 397,884 398,884 439,880 448,879 449,880 462,884 463,884 464,884 465,884 476,879 477,878 557,878 558,878 580,888 581,888 582,888 605,884 651,888 652,888 702,887 703,887 703,887 717,877 742,884 743,884 744,884 745,884 767,876 783,886 784,886 785,886 786,887 801,887 801,886 802,886 842,874 842,867 839,833 814,834 813,834 780,853 746,853 689,848 688,848 687,848 667,853 644,847 643,847 642,847 612,852 594,844 593,844 593,844 592,844 591,844 578,853 558,849 557,849 525,853 489,836 488,836 487,836 484,836 422,842 342,838 341,838 340,838 299,856 271,858 165,856 140,840 139,840 138,840 84,840 84,865 84,884"/>
        <pc:Baseline points="84,865 201,875 842,867"/>
        <pc:TextEquiv index="0">
          <pc:Unicode>Erlöſer, u. von dem Zweck unſers Hierſeyns, u. ſie</pc:Unicode>
        </pc:TextEquiv>
        <pc:TextEquiv conf="0.9845" index="1">
          <pc:Unicode>Erlöſer, u. von dem Zweck unſers Hierſeyns, u. ſie</pc:Unicode>
        </pc:TextEquiv>
      </pc:TextLine>
      <pc:TextLine id="eSc_line_a96d5d34" custom="structure {type:default;}">
        <pc:Coords points="77,912 79,939 93,928 139,929 156,936 157,936 158,936 192,930 207,936 217,940 218,940 219,941 268,941 268,940 308,939 309,939 310,939 319,934 331,926 363,926 381,932 394,936 395,936 396,936 397,936 412,932 430,926 443,931 457,936 458,936 487,937 488,937 526,929 542,926 555,928 578,935 579,935 580,935 581,935 603,927 607,926 609,927 617,933 618,933 618,933 619,933 620,933 639,926 646,925 652,926 673,933 674,933 675,933 676,933 697,927 708,935 709,935 710,935 711,935 711,935 712,935 728,925 730,923 789,922 794,923 806,927 807,927 808,927 836,922 837,912 834,891 805,895 796,891 780,882 779,882 745,882 745,882 744,882 743,882 735,888 703,883 702,883 701,883 700,883 686,892 680,897 627,897 620,893 601,884 601,884 600,884 599,884 580,894 574,898 456,898 451,896 434,885 433,885 432,885 394,885 393,885 392,885 358,897 350,900 345,897 323,886 322,886 268,886 267,886 266,886 248,892 238,889 237,889 237,889 236,889 224,895 180,895 179,895 178,895 177,895 172,900 169,901 134,901 133,901 119,894 118,894 118,894 76,901 77,912"/>
        <pc:Baseline points="77,912 228,920 837,912"/>
        <pc:TextEquiv index="0">
          <pc:Unicode>hörten mit ſolcher Aufmerkſamkeit zu, daß wir</pc:Unicode>
        </pc:TextEquiv>
        <pc:TextEquiv conf="0.9995" index="1">
          <pc:Unicode>hörten mit ſolcher Aufmertſamkeit zu, daß wir</pc:Unicode>
        </pc:TextEquiv>
      </pc:TextLine>
      <pc:TextLine id="eSc_line_602e87a8" custom="structure {type:default;}">
        <pc:Coords points="71,960 71,975 204,983 205,983 268,974 285,982 286,982 287,982 380,978 381,978 396,972 508,979 508,979 509,979 535,972 579,977 580,977 581,977 595,970 664,977 665,977 666,977 689,968 725,977 726,977 780,968 813,975 814,975 815,975 844,966 844,958 843,943 804,924 803,924 802,924 758,925 757,925 721,943 719,945 696,945 692,943 652,927 651,927 650,927 649,927 620,943 615,946 536,946 528,943 496,928 495,928 494,928 493,928 492,928 472,943 465,948 387,948 375,943 354,930 353,930 313,930 312,930 311,930 310,930 292,942 279,951 271,951 258,942 245,934 245,934 244,934 213,934 212,934 211,934 185,942 181,943 179,942 159,932 158,932 157,932 118,934 118,934 117,934 106,942 105,942 86,936 85,936 84,936 84,936 70,941 71,960"/>
        <pc:Baseline points="71,960 197,967 380,967 844,958"/>
        <pc:TextEquiv index="0">
          <pc:Unicode>uns darüber freuten. D. 29ten wurde angefangen</pc:Unicode>
        </pc:TextEquiv>
        <pc:TextEquiv conf="0.9857" index="1">
          <pc:Unicode>uns darüber freuten. D. 29ten wurde angefangen</pc:Unicode>
        </pc:TextEquiv>
      </pc:TextLine>
      <pc:TextLine id="eSc_line_2590b8c3" custom="structure {type:default;}">
        <pc:Coords points="70,1026 127,1026 128,1026 142,1034 143,1034 144,1034 144,1035 200,1035 200,1034 335,1027 397,1030 398,1030 398,1030 425,1023 433,1021 448,1023 503,1029 504,1029 505,1029 524,1022 531,1019 565,1021 588,1023 589,1023 598,1021 610,1019 621,1021 631,1024 632,1024 633,1024 654,1021 670,1019 677,1020 685,1023 686,1023 686,1023 860,1019 860,1008 857,966 806,971 805,971 774,984 745,972 744,972 743,972 742,972 705,984 675,969 672,968 671,968 670,968 607,969 606,969 601,971 553,992 522,992 476,974 469,971 468,971 467,971 442,972 441,972 440,972 437,975 407,994 390,994 259,995 234,979 228,975 227,975 226,975 225,975 152,976 152,976 151,976 144,981 142,983 102,988 80,988 72,983 70,1010 70,1026"/>
        <pc:Baseline points="70,1010 166,1016 332,1018 860,1008"/>
        <pc:TextEquiv index="0">
          <pc:Unicode>ein Haus für ſie zu bauen. Aber d. 30ten wurden</pc:Unicode>
        </pc:TextEquiv>
        <pc:TextEquiv conf="0.9712" index="1">
          <pc:Unicode>ein Haus für ſie zu bauen. Aber d. 30ten wurden</pc:Unicode>
        </pc:TextEquiv>
      </pc:TextLine>
      <pc:TextLine id="eSc_line_9e8059b6" custom="structure {type:default;}">
        <pc:Coords points="832,1021 804,1021 803,1021 802,1021 801,1021 784,1034 736,1023 729,1022 728,1022 728,1022 725,1023 695,1038 678,1031 677,1031 677,1031 676,1031 652,1042 616,1042 593,1027 587,1023 586,1023 585,1023 584,1023 563,1027 538,1033 525,1028 511,1024 510,1024 509,1024 508,1024 487,1029 483,1030 482,1029 472,1024 471,1024 470,1024 405,1025 404,1025 403,1025 392,1032 373,1044 296,1044 274,1035 273,1035 272,1035 271,1035 271,1035 270,1035 254,1044 216,1044 204,1036 191,1027 190,1027 189,1027 188,1027 187,1027 152,1037 131,1044 78,1040 78,1062 79,1078 97,1071 131,1071 152,1078 169,1082 169,1082 170,1082 313,1079 314,1079 315,1079 321,1074 322,1073 324,1074 335,1079 336,1079 434,1080 435,1080 436,1080 451,1072 452,1072 470,1077 471,1077 472,1077 473,1077 485,1071 493,1069 518,1071 542,1073 542,1073 543,1073 554,1070 565,1068 569,1070 580,1077 581,1077 582,1077 583,1077 584,1077 605,1069 611,1068 621,1069 656,1075 657,1075 658,1075 677,1069 681,1067 703,1067 705,1068 719,1077 720,1077 720,1077 721,1077 755,1069 833,1065 834,1057 832,1021"/>
        <pc:Baseline points="78,1062 293,1067 494,1061 834,1057"/>
        <pc:TextEquiv index="0">
          <pc:Unicode>ſie andern Sin̅es u. fuhren wieder weg. Am 1ten</pc:Unicode>
        </pc:TextEquiv>
        <pc:TextEquiv conf="0.9792" index="1">
          <pc:Unicode>ſie andern Sin̅es u. fuhren wieder weg. Am 1ten</pc:Unicode>
        </pc:TextEquiv>
      </pc:TextLine>
      <pc:TextLine id="eSc_line_26af3d56" custom="structure {type:default;}">
        <pc:Coords points="84,1124 139,1124 157,1132 158,1132 159,1132 160,1132 173,1126 195,1133 196,1133 197,1133 198,1133 211,1128 272,1132 273,1132 296,1131 297,1131 298,1131 316,1120 330,1127 331,1127 332,1127 358,1123 385,1128 386,1128 387,1128 398,1122 408,1127 409,1127 410,1127 411,1127 426,1120 465,1126 466,1126 466,1126 467,1126 478,1119 489,1125 490,1125 491,1125 491,1125 525,1116 544,1123 545,1123 615,1124 616,1124 638,1123 639,1123 640,1123 652,1116 672,1122 673,1122 674,1122 675,1122 711,1111 729,1111 749,1118 750,1118 751,1118 824,1107 825,1101 823,1060 805,1060 805,1060 804,1060 803,1060 788,1070 773,1061 772,1061 771,1061 771,1061 770,1061 769,1061 736,1074 701,1069 700,1069 699,1069 698,1069 676,1083 650,1084 576,1084 557,1074 556,1074 555,1074 554,1074 533,1082 505,1069 504,1069 503,1069 502,1069 501,1069 475,1086 465,1081 464,1081 463,1081 462,1081 449,1088 408,1088 391,1077 390,1077 389,1077 389,1077 388,1077 367,1084 350,1072 349,1072 348,1072 347,1072 347,1072 338,1076 318,1072 312,1071 311,1071 279,1073 279,1073 278,1073 254,1093 211,1093 173,1076 170,1075 169,1075 169,1075 107,1077 106,1077 105,1077 104,1078 98,1082 85,1078 84,1104 84,1124"/>
        <pc:Baseline points="84,1104 166,1115 232,1117 825,1101"/>
        <pc:TextEquiv index="0">
          <pc:Unicode>Nov. war das Thermometer nach Fahrenheits</pc:Unicode>
        </pc:TextEquiv>
        <pc:TextEquiv conf="0.995" index="1">
          <pc:Unicode>Nov. war das Thermometer nach Fahrenheits</pc:Unicode>
        </pc:TextEquiv>
      </pc:TextLine>
      <pc:TextLine id="eSc_line_6aa570bd" custom="structure {type:default;}">
        <pc:Coords points="81,1153 81,1171 159,1171 205,1178 206,1178 207,1178 222,1171 283,1175 284,1175 318,1168 333,1176 334,1176 335,1177 365,1177 365,1176 429,1172 430,1172 455,1165 483,1177 484,1177 485,1178 516,1178 516,1177 517,1177 542,1169 553,1174 554,1174 555,1174 582,1173 583,1173 584,1173 591,1168 610,1174 610,1174 611,1174 637,1169 653,1174 654,1174 655,1174 716,1172 717,1172 747,1162 786,1165 787,1165 788,1165 810,1157 810,1150 805,1125 792,1134 773,1134 755,1126 745,1120 744,1120 743,1120 742,1120 731,1125 715,1118 714,1118 713,1118 712,1118 711,1118 699,1126 682,1137 645,1137 616,1127 601,1122 601,1122 600,1122 599,1122 590,1128 571,1137 535,1138 524,1130 523,1130 522,1130 521,1130 520,1130 519,1130 514,1135 495,1128 485,1125 484,1125 483,1125 483,1125 482,1125 477,1128 464,1120 463,1120 462,1120 461,1120 388,1120 374,1122 373,1122 372,1122 363,1129 341,1144 305,1144 278,1134 277,1134 276,1134 275,1134 261,1141 247,1134 246,1134 245,1134 245,1134 244,1134 229,1145 211,1145 170,1131 155,1126 154,1126 153,1126 87,1127 86,1127 85,1127 80,1129 81,1153"/>
        <pc:Baseline points="81,1153 169,1162 338,1163 810,1150"/>
        <pc:TextEquiv index="0">
          <pc:Unicode>Scala auf 0. So kalt ſoll Trennstrich: „ es 1709 in Jſland</pc:Unicode>
        </pc:TextEquiv>
        <pc:TextEquiv conf="0.9458" index="1">
          <pc:Unicode>Scala auf 0. So kalt ſol ienstirc: 1709 in Jſland</pc:Unicode>
        </pc:TextEquiv>
      </pc:TextLine>
      <pc:TextLine id="eSc_line_b0424b9d" custom="structure {type:default;}">
        <pc:Coords points="77,1206 79,1234 91,1224 125,1221 144,1227 145,1227 146,1227 174,1222 209,1229 220,1231 220,1231 317,1229 318,1229 330,1225 341,1222 363,1224 389,1227 389,1227 390,1227 398,1223 402,1221 409,1223 430,1227 431,1227 432,1227 451,1221 465,1218 481,1221 504,1224 505,1224 528,1219 542,1216 551,1218 563,1221 564,1221 565,1221 573,1218 583,1213 604,1216 645,1222 646,1222 686,1213 693,1213 694,1213 702,1217 703,1217 703,1217 704,1217 712,1213 717,1211 726,1213 755,1219 756,1219 757,1219 770,1213 799,1218 800,1218 847,1208 847,1199 845,1163 714,1166 713,1166 711,1167 673,1184 652,1185 616,1185 591,1170 586,1169 585,1169 557,1169 556,1169 555,1169 544,1172 505,1186 466,1177 466,1177 465,1177 464,1177 449,1188 415,1188 397,1177 389,1172 389,1172 388,1172 364,1172 363,1172 325,1178 324,1178 323,1178 322,1179 306,1191 254,1191 246,1187 245,1187 245,1187 244,1187 186,1192 174,1184 173,1183 172,1183 171,1183 170,1183 169,1183 166,1184 150,1191 141,1185 140,1185 139,1185 138,1185 137,1185 136,1185 127,1189 117,1186 110,1184 110,1184 109,1184 76,1187 77,1206"/>
        <pc:Baseline points="77,1206 305,1214 847,1199"/>
        <pc:TextEquiv index="0">
          <pc:Unicode>geweſen ſeyn. Wir hatten nicht vermuthet, daß</pc:Unicode>
        </pc:TextEquiv>
        <pc:TextEquiv conf="0.9862" index="1">
          <pc:Unicode>geweſen ſeyn. Wir hatten nicht vermuthet, daß</pc:Unicode>
        </pc:TextEquiv>
      </pc:TextLine>
      <pc:TextLine id="eSc_line_90139ac6" custom="structure {type:default;}">
        <pc:Coords points="77,1262 133,1262 135,1262 176,1274 177,1274 177,1274 178,1274 204,1264 225,1272 226,1272 227,1272 278,1268 293,1277 294,1277 295,1277 296,1278 317,1278 317,1277 395,1276 396,1276 397,1276 404,1272 455,1275 456,1275 457,1275 483,1260 485,1259 488,1260 525,1275 525,1275 526,1276 542,1276 542,1275 542,1275 543,1275 564,1262 647,1264 648,1264 691,1259 709,1257 722,1259 750,1263 751,1263 788,1261 813,1267 814,1267 815,1267 816,1267 847,1258 847,1252 847,1215 791,1214 790,1214 789,1214 788,1214 787,1216 771,1227 756,1217 754,1214 753,1214 752,1214 734,1214 733,1214 732,1214 731,1214 728,1217 706,1232 686,1234 677,1234 655,1219 651,1215 650,1215 649,1215 600,1215 599,1215 598,1215 597,1215 591,1220 574,1232 556,1236 519,1236 503,1227 502,1227 501,1227 484,1229 473,1222 463,1216 462,1216 461,1216 438,1216 437,1216 436,1216 435,1216 425,1223 422,1226 418,1223 406,1217 405,1217 404,1217 403,1217 387,1221 338,1217 337,1217 336,1217 313,1226 299,1231 288,1226 279,1222 278,1222 277,1222 276,1222 275,1222 269,1227 253,1238 125,1238 111,1229 104,1225 103,1225 102,1225 101,1225 101,1225 90,1230 84,1234 79,1230 77,1246 77,1262"/>
        <pc:Baseline points="77,1246 178,1258 652,1251 847,1252"/>
        <pc:TextEquiv index="0">
          <pc:Unicode>es hier um dieſe Jahreszeit, ſo kalt werden kön̅te.</pc:Unicode>
        </pc:TextEquiv>
        <pc:TextEquiv conf="0.9923" index="1">
          <pc:Unicode>es hier um dieſe Jahreszeit, ſo kalt werden kön̅te.</pc:Unicode>
        </pc:TextEquiv>
      </pc:TextLine>
      <pc:TextLine id="eSc_line_ead902ff">
        <pc:Coords points="205,1257 204,1257 202,1257 201,1257 171,1268 148,1261 147,1261 146,1261 95,1268 68,1257 67,1288 65,1301 147,1320 148,1322 222,1322 222,1320 224,1320 225,1320 248,1304 252,1301 346,1301 350,1304 365,1319 365,1320 366,1320 367,1320 369,1322 594,1322 594,1320 595,1320 630,1307 645,1301 693,1301 704,1308 708,1311 710,1311 711,1311 712,1311 714,1311 720,1308 730,1303 736,1308 739,1311 740,1311 742,1311 743,1311 848,1308 849,1289 849,1261 770,1257 769,1257 767,1257 761,1260 744,1269 687,1269 679,1261 679,1260 677,1260 676,1260 675,1260 672,1260 637,1268 618,1260 613,1257 612,1257 610,1257 609,1257 608,1257 605,1260 598,1264 574,1260 561,1257 559,1257 548,1259 514,1268 504,1259 503,1259 503,1257 502,1257 500,1257 471,1257 469,1257 468,1257 467,1257 465,1259 452,1269 402,1269 367,1259 362,1257 361,1257 359,1257 358,1257 357,1257 357,1259 346,1268 306,1261 304,1261 303,1261 302,1261 302,1263 295,1269 252,1269 209,1257 205,1257"/>
        <pc:Baseline points="68,1289 850,1291"/>
        <pc:TextEquiv index="0">
          <pc:Unicode>D. 3ten kam vorerwehnte Familie wieder, u. d. 8ten be-</pc:Unicode>
        </pc:TextEquiv>
        <pc:TextEquiv conf="0.969" index="1">
          <pc:Unicode>D. 3ten kam vorerwehnte Familie wieder, u. d. 8ten be⸗</pc:Unicode>
        </pc:TextEquiv>
      </pc:TextLine>
      <pc:TextLine id="eSc_line_9122ad27" custom="structure {type:default;}">
        <pc:Coords points="84,1392 101,1399 101,1399 102,1399 103,1399 115,1395 147,1399 148,1399 149,1399 178,1389 183,1388 186,1389 229,1411 230,1411 231,1411 232,1411 233,1411 245,1401 259,1408 260,1408 261,1408 262,1408 282,1400 300,1403 301,1403 302,1403 347,1384 355,1381 363,1383 372,1387 372,1387 373,1387 393,1382 395,1382 397,1382 466,1390 487,1405 488,1405 489,1405 490,1405 620,1402 621,1402 648,1389 668,1391 669,1391 669,1391 670,1391 696,1373 698,1371 819,1368 819,1345 815,1305 784,1317 757,1307 756,1307 755,1307 713,1307 709,1308 708,1308 707,1308 694,1316 686,1310 685,1310 684,1310 683,1310 633,1313 632,1313 631,1313 610,1328 540,1329 496,1317 495,1317 494,1317 493,1317 466,1330 439,1318 438,1318 437,1318 436,1318 406,1332 350,1333 313,1320 313,1320 312,1320 311,1320 296,1324 284,1318 283,1318 282,1318 281,1318 260,1322 226,1320 225,1320 224,1320 195,1336 104,1331 84,1322 84,1349 84,1392"/>
        <pc:Baseline points="84,1349 193,1360 247,1361 819,1345"/>
        <pc:TextEquiv index="0">
          <pc:Unicode>zogen ſie ihr Haus. Den Eingang dazu haben ſie</pc:Unicode>
        </pc:TextEquiv>
        <pc:TextEquiv conf="0.9257" index="1">
          <pc:Unicode>zezen sie ihr Gaut, Aen Eenpong dazu haben ſie</pc:Unicode>
        </pc:TextEquiv>
      </pc:TextLine>
      <pc:TextLine id="eSc_line_89a8a133" custom="structure {type:default;}">
        <pc:Coords points="721,1393 722,1427 844,1421 844,1389 839,1347 815,1355 807,1354 781,1349 780,1349 779,1349 779,1349 764,1362 762,1364 720,1370 721,1393"/>
        <pc:Baseline points="721,1393 844,1389"/>
        <pc:TextEquiv index="0">
          <pc:Unicode>selbst</pc:Unicode>
        </pc:TextEquiv>
        <pc:TextEquiv conf="1." index="1">
          <pc:Unicode>ſelbſt</pc:Unicode>
        </pc:TextEquiv>
      </pc:TextLine>
    </pc:TextRegion>
  </pc:Page>
</pc:PcGts>
