1000 1609
71 161 855 221 hätte kön̅en erwärmt werden, u. ſie nur ein paar Näch-
67 212 847 266 te hier blieben : ſo machten wir auf unſerm Sälgen eine
67 258 859 317 Schlafſtelle für ſie zurechte. Wir nahmen ſie Abends
59 305 838 367 mit in die Verſam̅l. u. ſie führten ſich recht ordentl.
70 358 844 412 auf. D. 28ten da wir Abends zum leztenmal in die-
70 404 838 465 ſem Jahre das heil. Abdmhl. hatten, ſaßen ſie ganz
73 453 829 509 alleine in einer Stube, ſo daß wir nicht merkten,
74 497 837 564 daß jemand fremdes im Hauſe war. D. 29ten frühe gin-
69 548 852 611 gen ſie wieder weg. Manuina hat uns erzehlt, daß
71 591 845 657 ſeine Landsleute ihm geſagt haben : er ſolte uns was
67 645 807 706 wegnehmen. Wir freuten uns über ſeine Einfalt.
68 693 837 751 Da die Esquimaux ſonſt einander nicht gerne was
67 742 850 803 ſchlechtes nachreden : ſo ſahen wir daraus ſeine Ehrlich-
72 791 848 849 keit u. Neigung zu uns. D. 31ten kam Tugluina mit
75 836 842 906 ſeiner Frau Mikak u. ihrem Sohn nebſt noch einem
70 886 818 945 jungen Man̅ u. ſeiner Frau zum Beſuch zu uns.
79 934 857 992 Sie hatten 14 Hunde vor ihrem Schlitten. Sie wohnen
75 978 838 1038 6 teutſche Meilen Südwärts von uns in den Jnſeln.
74 1025 840 1091 Jhr Zweck war hauptſäch# was zu kaufen. Da Br.
67 1077 858 1140 Drachart mit ihnen vom Hld. reden wolte, ſagte Tug-
64 1128 848 1188 luina : er wäre darum nicht hergekom̅en, hörte aber
69 1178 863 1240 doch zu. Wir machten auf unſerm Saal ein Lager
70 1222 852 1287 von Ren̅thier-Fellen für ſie zurechte, u. ſie legten
79 1271 844 1337 ſich zur Ruhe. Darnach hatten wir um 9 Uhr in
81 1321 830 1388 der Stube der led. Brr. ein Lmahl; u. um 11 kamen
737 1365 821 1415 wir
773 79 844 151 189.
