1000 1609
179 89 266 136 470.
209 167 929 236 in meinem Amte zu thun, bis ich ganz ausser Stand gesezt
208 222 353 269 werde".
227 257 925 325 Br. Jakson sein Gehülfe, hat uns von der Zeit, die
207 313 927 368 er bey dem sel. Br. Gambold, in Wales zugebracht,
207 362 921 422 u. den besondern Umständen seiner lezten Krankheit
212 403 660 463 folgende Nachricht eingeschickt:
232 448 919 515 Als ich in Haverfordwest anlangte, besuchte ich gleich
203 502 920 562 den sel. Br. Gambold, der mit seiner Frau kurz vorher
203 557 927 609 angekom̅en war, zum erstenmal; er bewillkom̅te mich
203 598 921 658 aufs zärtlichste. Gleich von dem ersten Tage an, wurde
190 640 935 705 meine Aufmerksamkeit ganz besonders auf ihn gerich⸗
190 690 935 752 tet, weil ich beken̅en muß, daß ich bald ein größeres
182 736 918 799 Maaß des Geistes Christi, der in ihm war, gewahr
178 784 944 850 wurde, als ich erwartet hatte. Ich fühlte mich zwar un
182 840 923 899 würdig mit ihm zu arbeiten, aber herzl. dankbar für mein
178 875 939 941 Gnaden⸗Loos. Seine Reden in der Capelle, sowol in öffentl.n
177 928 909 985 als in Gem.⸗Versam̅l.en, seine Bibelstunden, u. seine
183 974 936 1037 Anmerkungen dabey, besonders über den Jesaias, das
190 1029 917 1083 Evangel. Lucae u. Johan̅is, die Epistel and die Ebräer, u.
189 1065 951 1135 andre Briefe Pauli, werden bey denen, die ihn gehört
192 1126 922 1179 haben, niemals vergeßen werden. Einige der Unsrigen
188 1170 906 1228 pflegten zu sagen: O daß wir doch recht hungrige
186 1221 906 1279 Herzen hätten; den̅ hier bekom̅t man die kostbarste
182 1263 904 1324 Nahrung. Er sagte manchmal: O das theure Buch, die
193 1307 936 1387 Bibel, sie ist mir sehr köstl.! Selbst in dem, was das
797 1342 939 1444 trockenste
