1000 1609
67 166 792 235 zuſam̅en erfreuen kön̅en, von dem großen Hirten un⸗
69 222 789 277 ſrer Seelen, dem liebenden, u. liebenswürdigen Jeſu,
73 266 799 327 in deſſen Wunden Friede u. Leben für alle, die an Ihn
70 320 817 384 glauben, zu finden iſt. Ich gehe nicht darum von euch,
74 370 798 431 weil ich mich nicht öffentl. zu der Engl.en Kirche beken̅en
71 419 783 475 kön̅te, oder weil ich andre äuſſerl.n Ceremonien den
75 463 811 525 ihrigen vorzöge; ſondern die Wahrheit iſt: Meine Sorge
73 518 787 576 geht auf die Hauptſache u. ich will gerne ſeyn, wo ich
72 563 799 620 darin̅en meine größte Freyheit haben kan. Den̅ ſo
64 607 799 671 einem ſchwachen Weſen, wie ich bin, iſt es da am zu⸗
71 649 822 719 träglichſten, wo es den Troſt u. Beyſtand gleichgeſin̅⸗
71 708 822 764 ter Leute haben kan. — Ich wünſche euch von Herzen,
73 755 798 808 von meinem Nachfolger mehr Nuzen, als ihr von
71 794 805 853 mir haben kon̅tet, u. glaube, daß es auch geſchehen wird".
105 851 805 902 Aus dieſem erhellet, daß es wahr ist, was er in
72 898 798 949 einem seiner Briefe an den Biſchof in Bezug auf ſich
67 944 805 999 ſagte: Es kan einer ein Sectirer ſeyn, u. einen
68 981 827 1050 ſchädl.en Sectir⸗Geist haben; man kan aber auch etwas
73 1027 813 1092 thun, das nur einen ſolchen Schein hat, ohne daß irgend
67 1078 822 1140 was im Herzen da iſt, als was auf den l. Hld. hinſieht."
65 1128 797 1190 Mit Seinem Wegkom̅en von Seinem Kirchſpiel,
71 1177 811 1238 hat er weder im Sin̅ gehabt, jemand zu beleidigen,
65 1222 798 1285 noch eine Geringſchäzung der Engl.en Kirche zu zeigen.
79 1272 793 1334 Er hielt nicht dafür, daß ſeine zärtl.e Ehrerbietung
69 1318 781 1397 für dieſelbe, u. ſeine Gemeinſchaft mit ihr, dadurch
625 1360 799 1448 aufgehoben
748 89 830 140 459.
