1000 1609
185 89 260 131 454.
210 168 934 230 hielt, lebte in einem guten Vernehmen mit ſeinen Kirch⸗
203 220 934 277 Kindern, welchen er nach ſeinem Vorſaz ſo nüzl. war, als
204 269 935 328 ſeine Gemüths⸗ u. Leibes⸗Beschaffenheit u. philoſophiſche
198 314 928 374 Religion es zuließ. Jedoch bey aller ſeiner Philo⸗
199 362 932 425 ſophie, verfehlte er im̅er ſein vorgeſtecktes Ziel,
199 414 918 471 u. ſein öfters Unterliegen ermüdete ihn endl., zu⸗
192 464 926 521 mal da er doch darin̅e keine Nahrung für ſeine Seele
200 509 928 566 fand. Es war daher ein großes Glück für ihn,
200 554 931 616 daß er im Febr. 1738 mit unſerm Br. Pet. Böhler
195 602 935 664 bekan̅t wurde, welcher damals in England auf ein Schiff
189 657 914 712 wartete, das ihn nach America bringen ſolte, u. unter⸗
198 704 924 757 deß verſchiedene Bekan̅tſchaften in London machte;
200 746 927 803 desgl.en mit dem HEn. John u. Charles Wesley u. ihren
191 792 911 856 Studenten in Oxford, u. ſo auch mit unſerm l. ſel.
198 841 926 901 Br. Gambold. Hier hatte er Gelegenheit zu erfahren,
190 890 926 945 worauf bey dem Chriſtenthum alles ankom̅t, neml. von
193 937 904 999 Herzen an Jeſum Chriſtum zu glauben, u. dadurch
179 988 926 1043 Vergebung der Sünden, u. was durch alle geſezl.n Be⸗
185 1033 923 1095 mühungen u. die ganze Philoſophie unmögl. erhalten
181 1080 922 1137 werden kan, den Sieg über die Sünde zu erlangen, u.
193 1128 908 1188 den Heil.Geist umſonſt zu empfahen. Er ging mit
194 1182 902 1229 ſeinem ganzen Herzen in die Sache hinein, seine
186 1223 914 1283 Philoſophie fiel zu Boden, ſeine Schwermuth verlor ſich,
188 1269 919 1328 ſein Herz fand die gehörige Nahrung, u. er wurde ganz ver⸗
190 1318 921 1393 ändert, jedoch nicht eher; als nach einer langen u. genauen
793 1366 923 1446 Prüfung,
