<?xml version="1.0" encoding="utf-8"?>
<pc:PcGts xmlns:pc="http://schema.primaresearch.org/PAGE/gts/pagecontent/2019-07-15" xmlns:xsi="http://www.w3.org/2001/XMLSchema-instance" xsi:schemaLocation="http://schema.primaresearch.org/PAGE/gts/pagecontent/2019-07-15 http://schema.primaresearch.org/PAGE/gts/pagecontent/2019-07-15/pagecontent.xsd" pcGtsId="GT-OCR-GN_1773_3__GN.A.167__185_a1b16">
  <pc:Metadata externalRef="https://images.iiif.slub-dresden.de/iiif/2/data%2Fkitodo%2FNachaudeB_1766125301_1773_3%2FNachaudeB_1766125301_1773_3_tif%2Fjpegs%2F00000186.tif.medium.jpg/full/full/0/default.jpg">
    <pc:Creator>escriptorium</pc:Creator>
    <pc:Created>2024-01-26T15:14:01.157595Z</pc:Created>
    <pc:LastChange>2024-01-26T15:14:01.157606Z</pc:LastChange>
    <pc:MetadataItem type="processingStep" name="recognition/post-correction" value="ocrd-cor-asv-ann-join">
      <pc:Labels externalModel="ocrd-tool" externalId="parameters">
        <pc:Label value="False" type="add-filegrp-comments"/>
      </pc:Labels>
      <pc:Labels externalModel="ocrd-tool" externalId="version">
        <pc:Label value="0.1.14" type="ocrd-cor-asv-ann-join"/>
        <pc:Label value="2.60.2.dev0+gac1f15b3.d20240125" type="ocrd/core"/>
      </pc:Labels>
    </pc:MetadataItem>
  </pc:Metadata>
  <pc:Page imageFilename="185_a1b16_default.jpg" imageWidth="1000" imageHeight="1609">
    <pc:TextRegion id="eSc_textblock_1e0dc3d8" custom="structure {type:text;}">
      <pc:Coords points="238,78 235,124 199,134 257,150 372,139 570,146 692,128 728,146 921,146 946,157 953,1357 921,1418 868,1425 835,1404 778,1393 549,1379 332,1379 249,1400 157,1393 143,1379 150,1044 139,883 157,599 146,379 161,168 186,138 153,106 170,71"/>
      <pc:TextLine id="eSc_line_2991a0c5" custom="structure {type:default;}">
        <pc:Coords points="235,83 211,75 205,75 196,74 189,73 164,81 161,90 161,106 160,117 234,117 236,108 236,84 235,83"/>
        <pc:Baseline points="161,106 236,108"/>
        <pc:TextEquiv index="0">
          <pc:Unicode>182.</pc:Unicode>
        </pc:TextEquiv>
        <pc:TextEquiv conf="0.9978" index="1">
          <pc:Unicode>182.</pc:Unicode>
        </pc:TextEquiv>
      </pc:TextLine>
      <pc:TextLine id="eSc_line_4ce4233f" custom="structure {type:default;}">
        <pc:Coords points="944,177 937,158 915,146 915,146 914,146 913,146 888,152 853,150 852,150 851,150 850,150 838,158 805,146 801,146 792,146 783,146 774,146 765,146 759,146 745,149 737,146 729,146 720,143 711,138 710,137 635,136 631,136 622,138 613,139 604,141 600,141 558,159 518,159 484,143 479,143 470,143 463,142 408,143 404,140 398,140 389,139 381,139 335,160 331,162 175,160 175,189 174,203 329,210 330,210 330,210 346,205 366,198 379,205 384,208 385,208 386,208 387,208 392,205 401,200 449,200 488,205 489,205 623,202 646,207 650,207 651,207 657,207 697,202 793,207 825,209 826,209 838,208 866,204 876,208 891,214 892,214 893,214 944,208 945,198 945,162 944,162 944,177"/>
        <pc:Baseline points="175,189 945,198"/>
        <pc:TextEquiv index="0">
          <pc:Unicode>waren geſchickt worden, durch Br. Drachart eingehändigt.</pc:Unicode>
        </pc:TextEquiv>
        <pc:TextEquiv conf="0.9727" index="1">
          <pc:Unicode>waren geſchickt worden, durch Br. Drachart eingehändg.</pc:Unicode>
        </pc:TextEquiv>
      </pc:TextLine>
      <pc:TextLine id="eSc_line_11a6c195" custom="structure {type:default;}">
        <pc:Coords points="180,239 179,260 230,261 231,261 232,261 234,260 262,246 375,253 376,253 429,248 457,258 466,261 467,261 468,261 489,258 500,256 505,258 518,264 519,264 520,265 559,265 559,264 560,264 574,258 585,252 621,251 644,257 653,260 654,260 655,260 669,257 677,255 723,256 749,257 750,257 751,257 753,256 762,252 770,256 772,258 773,258 774,258 775,258 919,256 932,262 932,262 933,262 934,262 935,262 943,255 944,247 943,229 875,228 875,227 869,223 868,223 867,223 866,223 865,223 851,227 849,227 720,227 715,225 672,208 671,208 670,208 613,213 604,207 603,207 602,207 581,207 580,207 579,207 578,207 556,221 542,210 541,210 540,210 539,210 538,210 512,221 478,209 477,209 429,205 327,204 326,204 325,204 280,218 266,222 236,222 227,217 211,210 210,210 209,210 180,216 180,239"/>
        <pc:Baseline points="180,239 944,247"/>
        <pc:TextEquiv index="0">
          <pc:Unicode>Gegen Abend kam ſie mit ihrem Man̅, u. ihrem kleinen</pc:Unicode>
        </pc:TextEquiv>
        <pc:TextEquiv conf="0.9862" index="1">
          <pc:Unicode>Gegen Abend kam ſie mit ihrem Man̅, u. ihrem kleinen</pc:Unicode>
        </pc:TextEquiv>
      </pc:TextLine>
      <pc:TextLine id="eSc_line_213a7681" custom="structure {type:default;}">
        <pc:Coords points="175,286 175,298 270,298 279,300 311,307 312,307 349,301 360,299 403,300 405,302 417,308 418,308 419,309 444,309 444,308 445,308 446,308 455,302 458,300 494,301 497,303 507,308 508,308 508,308 509,308 528,303 532,302 533,303 542,309 543,309 544,309 545,309 603,305 796,311 796,311 797,311 798,311 805,306 810,303 847,306 901,311 902,311 940,307 941,294 941,272 900,259 899,259 898,259 898,259 872,273 863,278 806,278 793,272 791,272 790,272 789,272 788,272 788,272 779,277 668,277 658,272 650,269 649,269 648,269 615,272 585,276 580,272 573,266 572,266 571,266 570,266 542,272 538,273 536,272 503,253 502,253 501,253 449,257 386,252 385,252 340,255 339,255 338,255 319,269 295,251 294,251 293,251 237,251 237,251 236,251 235,251 205,272 203,272 175,272 175,286"/>
        <pc:Baseline points="175,286 572,294 941,294"/>
        <pc:TextEquiv index="0">
          <pc:Unicode>Sohn, den ſie Palliſer nen̅en, in unſer Haus. Wir</pc:Unicode>
        </pc:TextEquiv>
        <pc:TextEquiv conf="0.984" index="1">
          <pc:Unicode>Sohn, den ſie Palliſer nen̅en, in unſer Haus. Wir</pc:Unicode>
        </pc:TextEquiv>
      </pc:TextLine>
      <pc:TextLine id="eSc_line_ae24f0b0" custom="structure {type:default;}">
        <pc:Coords points="173,333 173,351 269,345 275,350 276,350 277,350 278,350 329,346 337,352 338,353 338,353 339,353 340,353 341,353 346,352 359,347 370,352 371,352 372,352 372,352 379,352 423,347 434,352 442,354 443,354 444,354 445,354 457,352 464,350 470,352 478,354 479,354 480,354 677,353 711,357 711,357 796,353 810,358 811,358 812,358 843,352 847,352 855,352 908,356 909,356 940,352 940,339 939,303 810,302 809,302 808,302 807,302 805,303 779,320 643,319 624,306 616,300 615,300 614,300 613,300 612,300 598,306 586,312 528,312 519,307 506,298 505,298 504,298 503,298 479,303 478,303 477,303 471,308 459,316 443,309 442,309 441,309 412,313 406,309 392,299 391,299 390,299 359,296 358,296 357,296 334,310 333,310 325,310 297,308 278,295 277,295 276,295 258,295 257,295 256,295 255,295 233,311 229,313 220,311 193,303 192,303 191,303 190,303 173,310 173,333"/>
        <pc:Baseline points="173,333 621,343 940,339"/>
        <pc:TextEquiv index="0">
          <pc:Unicode>fragten nach dem beſten Ort, wo man Seehunde mit</pc:Unicode>
        </pc:TextEquiv>
        <pc:TextEquiv conf="0.9979" index="1">
          <pc:Unicode>fragten nach dem beſten Ort, wo man Seehunde mit</pc:Unicode>
        </pc:TextEquiv>
      </pc:TextLine>
      <pc:TextLine id="eSc_line_427a5b8b" custom="structure {type:default;}">
        <pc:Coords points="152,385 152,397 157,401 158,401 159,401 160,401 236,396 248,395 250,396 262,404 262,404 263,404 264,404 302,396 305,396 340,396 342,396 357,404 358,404 359,404 360,404 361,404 372,397 372,396 374,397 390,403 391,403 474,404 475,404 476,404 491,400 499,405 500,405 500,405 501,405 542,398 545,398 552,404 553,404 554,404 594,406 595,407 637,407 637,406 638,406 652,399 653,399 654,399 687,406 688,406 689,406 713,400 729,404 730,404 731,404 764,400 766,400 780,407 781,407 782,407 783,407 803,400 804,400 813,408 814,408 815,408 816,408 855,403 864,408 865,408 866,408 867,409 901,409 901,408 902,408 924,401 925,391 924,353 871,353 870,353 869,353 828,370 793,369 769,353 767,352 766,352 765,352 764,352 763,352 759,353 730,363 709,362 697,353 694,351 694,351 693,351 692,351 659,353 631,356 627,353 622,351 621,351 620,351 567,350 566,350 565,350 556,354 554,355 551,354 541,351 540,351 539,351 538,351 537,351 532,354 510,367 310,366 297,357 296,357 296,357 295,357 294,357 276,365 240,365 226,356 211,347 210,347 209,347 208,347 152,356 152,385"/>
        <pc:Baseline points="152,385 925,391"/>
        <pc:TextEquiv index="0">
          <pc:Unicode>Nezen fangen kön̅te, welches uns der Man̅ ſagte.</pc:Unicode>
        </pc:TextEquiv>
        <pc:TextEquiv conf="0.9828" index="1">
          <pc:Unicode>Nezen fangen kön̅te, welches uns der Man̅ ſagte.</pc:Unicode>
        </pc:TextEquiv>
      </pc:TextLine>
      <pc:TextLine id="eSc_line_9422684c" custom="structure {type:default;}">
        <pc:Coords points="185,431 184,440 245,449 245,449 288,443 306,450 307,450 308,450 309,450 322,444 356,444 394,444 403,450 404,450 405,450 406,450 464,446 483,446 492,453 493,453 494,453 495,453 582,450 704,456 705,456 755,451 771,457 772,457 773,457 817,453 855,458 855,458 934,452 935,443 934,400 906,400 905,400 904,400 903,400 880,415 858,416 842,406 841,406 840,406 839,406 826,408 801,399 798,398 797,398 739,397 738,397 737,397 735,399 720,405 702,398 695,396 694,396 694,396 693,396 686,398 654,411 634,401 633,401 632,401 631,401 589,412 527,412 513,401 512,401 511,401 510,401 509,401 480,410 449,399 448,399 416,398 394,398 393,398 392,398 365,409 330,409 315,398 314,398 313,398 313,398 267,400 259,396 243,389 242,389 203,389 203,389 202,389 185,395 185,431"/>
        <pc:Baseline points="185,431 935,443"/>
        <pc:TextEquiv index="0">
          <pc:Unicode>Aber da man den Ort u. die Tiefe des Waſſers</pc:Unicode>
        </pc:TextEquiv>
        <pc:TextEquiv conf="0.9829" index="1">
          <pc:Unicode>Aber da man den Ort u. die Tiefe des Waſſers</pc:Unicode>
        </pc:TextEquiv>
      </pc:TextLine>
      <pc:TextLine id="eSc_line_43a9603e" custom="structure {type:default;}">
        <pc:Coords points="167,487 167,502 193,492 236,502 242,503 243,504 306,504 306,503 307,503 308,503 310,502 322,493 352,501 355,502 355,502 356,502 363,501 409,494 451,494 470,501 479,504 480,504 481,504 496,501 508,498 513,501 523,505 524,505 525,505 525,505 545,500 561,497 574,500 592,506 593,506 593,506 634,500 635,500 637,500 666,506 667,506 668,506 689,500 697,497 705,500 729,507 730,507 760,508 761,508 762,508 784,502 811,508 812,508 813,508 839,499 857,509 858,509 859,510 890,510 890,509 891,509 892,509 905,499 933,498 934,492 934,457 918,454 917,454 916,454 915,454 912,457 906,461 897,457 888,454 887,454 886,454 885,454 877,457 860,465 849,457 843,453 842,453 841,453 816,453 815,453 814,453 802,458 784,465 771,458 764,454 763,454 762,454 709,452 708,452 707,452 690,459 673,466 661,459 648,451 647,451 646,451 645,451 601,456 573,450 572,450 571,450 559,456 543,455 542,455 542,455 541,455 534,460 524,466 494,466 486,461 480,455 479,455 478,455 477,455 476,455 464,461 453,466 410,466 351,465 345,462 321,448 320,448 319,448 318,448 317,448 306,455 291,452 290,452 289,452 288,452 288,452 275,460 259,450 258,450 257,450 239,450 238,450 237,450 210,463 210,463 167,463 167,487"/>
        <pc:Baseline points="167,487 366,485 934,492"/>
        <pc:TextEquiv index="0">
          <pc:Unicode>unterſuchen muß, ſo entſchloßen ſich die Brr. Jens</pc:Unicode>
        </pc:TextEquiv>
        <pc:TextEquiv conf="0.995" index="1">
          <pc:Unicode>unterſuchen muß, ſo entſchloßen ſich die Brr. Jens</pc:Unicode>
        </pc:TextEquiv>
      </pc:TextLine>
      <pc:TextLine id="eSc_line_05197d6c" custom="structure {type:default;}">
        <pc:Coords points="169,530 168,539 182,546 183,546 184,546 230,539 281,547 282,547 283,547 304,540 396,540 420,549 421,549 422,549 423,549 423,549 434,542 449,542 473,551 474,551 618,552 618,552 673,545 686,552 687,552 688,552 715,547 751,554 752,554 795,547 806,555 807,555 808,555 854,555 855,555 930,547 931,539 930,503 813,502 813,502 812,502 807,504 777,521 713,521 701,513 700,513 699,513 698,513 697,513 680,519 649,519 632,506 623,499 622,499 621,499 620,499 592,505 570,501 569,501 568,501 567,501 559,507 543,518 489,518 473,512 472,512 471,512 413,514 400,510 370,497 369,497 368,497 367,497 366,497 347,510 340,515 274,515 259,512 251,510 232,495 231,495 230,495 198,495 197,495 196,495 195,495 169,511 169,530"/>
        <pc:Baseline points="169,530 931,539"/>
        <pc:TextEquiv index="0">
          <pc:Unicode>Haven u. Schneider, mit ihm in ſeinem Boote für</pc:Unicode>
        </pc:TextEquiv>
        <pc:TextEquiv conf="0.9902" index="1">
          <pc:Unicode>Haven u. Schneider, mit ihm in ſeinem Boote für</pc:Unicode>
        </pc:TextEquiv>
      </pc:TextLine>
      <pc:TextLine id="eSc_line_480d188a" custom="structure {type:default;}">
        <pc:Coords points="169,576 169,598 213,601 214,601 215,601 216,601 218,599 232,590 273,590 306,600 312,602 313,602 313,602 314,602 321,600 334,598 371,601 390,603 391,603 399,601 440,592 491,599 491,599 492,599 508,595 551,598 552,598 627,594 638,599 639,599 640,599 689,597 727,605 728,605 728,605 745,597 778,606 779,606 779,606 780,606 781,606 787,601 802,605 803,605 804,605 846,598 853,604 854,604 855,604 855,604 876,600 882,605 883,605 884,605 885,605 886,605 905,597 924,607 925,607 926,608 941,608 942,584 942,547 915,547 915,547 914,547 885,561 855,551 855,551 854,551 853,551 805,564 771,564 754,552 753,552 752,552 751,552 750,552 726,564 645,564 625,551 617,546 616,546 615,546 614,546 613,546 599,551 572,562 535,562 524,553 523,553 522,553 521,553 520,553 486,562 449,562 435,554 417,543 416,543 415,543 391,542 258,541 257,541 256,541 220,556 213,559 204,556 191,553 190,553 189,553 169,556 169,576"/>
        <pc:Baseline points="169,576 532,584 942,584"/>
        <pc:TextEquiv index="0">
          <pc:Unicode>Bezahl. hinzufahren. Am 10ten kamen ſie wieder glückl.</pc:Unicode>
        </pc:TextEquiv>
        <pc:TextEquiv conf="0.9828" index="1">
          <pc:Unicode>Bezahl. hinzufahren. Am 10ten kamen ſie wieder glückl.</pc:Unicode>
        </pc:TextEquiv>
      </pc:TextLine>
      <pc:TextLine id="eSc_line_dfdf7d56" custom="structure {type:default;}">
        <pc:Coords points="163,630 162,641 289,640 296,643 299,645 300,645 301,645 302,646 341,646 341,645 352,643 365,640 381,643 400,646 401,646 402,646 411,643 418,640 425,643 435,647 436,647 437,648 469,648 469,647 506,643 525,641 554,643 621,648 622,648 623,648 632,643 634,642 642,643 677,648 677,648 678,648 688,643 690,643 729,643 730,643 743,648 744,648 806,649 807,649 808,649 830,644 908,649 909,649 910,649 932,643 932,635 932,605 848,599 847,599 812,605 786,608 779,605 771,598 770,598 769,598 741,598 740,598 739,598 738,598 728,605 713,614 661,616 588,616 574,609 573,609 572,609 534,614 516,606 498,597 497,597 415,596 415,596 414,596 392,606 374,614 229,614 211,606 208,605 207,605 206,605 163,606 163,630"/>
        <pc:Baseline points="163,630 932,635"/>
        <pc:TextEquiv index="0">
          <pc:Unicode>nach Hauſe. Sie haben zwar einen guten Ort, 4</pc:Unicode>
        </pc:TextEquiv>
        <pc:TextEquiv conf="0.9821" index="1">
          <pc:Unicode>nach Hauſe. Sie haben zwar einen guten Ort, 4</pc:Unicode>
        </pc:TextEquiv>
      </pc:TextLine>
      <pc:TextLine id="eSc_line_683b704b" custom="structure {type:default;}">
        <pc:Coords points="168,676 168,695 264,685 280,686 293,695 296,697 296,697 297,697 298,698 357,698 357,697 358,697 366,694 389,687 424,694 432,695 432,695 440,694 466,688 483,693 492,697 493,697 494,697 515,693 542,689 549,693 550,694 550,694 551,694 552,694 571,693 609,690 612,693 618,697 618,697 619,697 652,700 652,700 653,700 669,692 688,692 721,692 722,692 755,701 756,701 757,701 758,701 778,692 782,692 793,690 795,691 801,696 802,696 803,696 804,696 823,691 829,690 832,691 860,702 861,702 862,703 885,703 885,702 886,702 887,702 902,691 940,690 941,683 941,646 906,646 906,646 905,646 904,646 875,654 863,646 862,646 861,646 808,646 807,646 806,646 804,647 769,664 751,660 735,648 730,644 729,644 728,644 677,644 677,644 676,644 675,644 669,648 647,662 440,661 423,651 411,642 410,642 409,642 362,640 310,640 309,640 308,640 283,652 278,655 272,652 254,644 254,644 253,644 252,644 236,653 225,658 168,654 168,676"/>
        <pc:Baseline points="168,676 941,683"/>
        <pc:TextEquiv index="0">
          <pc:Unicode>ſtarke teutſche Meilen von hier gefunden; die Umſtände</pc:Unicode>
        </pc:TextEquiv>
        <pc:TextEquiv conf="0.9929" index="1">
          <pc:Unicode>ſtarke teutſche Meilen von hier gefunden; die Umſtände</pc:Unicode>
        </pc:TextEquiv>
      </pc:TextLine>
      <pc:TextLine id="eSc_line_81b9630f" custom="structure {type:default;}">
        <pc:Coords points="168,724 169,748 215,733 273,738 274,738 275,738 290,734 327,746 336,749 337,749 338,749 354,746 392,738 412,745 413,745 414,745 415,745 415,745 416,745 443,736 457,742 457,742 458,742 493,741 494,741 495,741 502,736 514,743 524,750 525,750 525,750 604,751 605,751 606,751 607,751 619,742 622,741 635,742 676,748 677,748 677,748 689,741 692,740 733,740 737,741 759,750 760,750 761,750 762,750 791,742 822,749 822,749 872,740 888,744 889,744 889,744 938,738 939,728 938,690 923,690 922,690 921,690 889,706 852,697 851,697 850,697 831,707 805,692 799,690 798,690 772,690 771,690 771,690 770,690 764,693 745,705 720,693 714,691 713,691 712,691 711,691 706,694 680,707 647,707 628,695 620,690 619,690 618,690 563,688 562,688 561,688 560,688 547,697 532,706 516,706 503,697 491,690 491,690 490,690 440,687 440,687 412,690 411,690 392,699 381,704 308,704 303,700 285,690 284,690 283,690 219,685 218,685 217,685 216,685 188,702 168,702 168,724"/>
        <pc:Baseline points="168,724 644,732 939,728"/>
        <pc:TextEquiv index="0">
          <pc:Unicode>ſind aber ſo, daß dieſes Jahr wol nichts in der Sache</pc:Unicode>
        </pc:TextEquiv>
        <pc:TextEquiv conf="0.972" index="1">
          <pc:Unicode>ſind aber ſo, daß dieſes Jahr wol nichts in der Sache</pc:Unicode>
        </pc:TextEquiv>
      </pc:TextLine>
      <pc:TextLine id="eSc_line_a09d6c41" custom="structure {type:default;}">
        <pc:Coords points="936,758 832,758 828,756 801,742 800,742 799,742 798,742 771,753 735,742 734,742 733,742 732,742 731,742 716,753 709,758 697,758 683,752 652,741 652,741 621,741 620,741 619,741 618,741 606,750 595,758 546,758 533,749 524,741 523,741 522,741 492,741 422,741 421,741 420,741 409,745 394,752 374,749 373,749 372,749 362,755 316,743 304,741 303,741 302,741 301,741 297,743 281,753 253,755 238,746 237,746 237,746 236,746 235,746 234,746 226,751 203,748 203,748 202,748 189,752 167,740 166,770 167,786 177,782 269,782 338,783 343,786 350,790 351,790 526,791 527,791 576,786 602,783 612,786 630,791 631,791 632,791 633,791 646,786 653,783 664,786 686,791 686,791 738,786 746,785 748,786 756,791 757,791 758,791 759,792 893,792 893,791 936,785 937,775 936,758"/>
        <pc:Baseline points="166,770 490,776 937,775"/>
        <pc:TextEquiv index="0">
          <pc:Unicode>wird gethan werden kön̅en. Unſre beyden Brr. ſind</pc:Unicode>
        </pc:TextEquiv>
        <pc:TextEquiv conf="0.9923" index="1">
          <pc:Unicode>wird gethan werden kön̅en. Unſre beyden Brr. ſind</pc:Unicode>
        </pc:TextEquiv>
      </pc:TextLine>
      <pc:TextLine id="eSc_line_98e56dfa" custom="structure {type:default;}">
        <pc:Coords points="156,821 155,828 180,829 191,837 192,837 193,837 194,837 237,830 509,841 510,841 511,841 526,833 540,840 541,840 542,840 542,840 567,833 584,841 584,841 686,842 686,842 755,835 771,843 772,843 773,843 805,840 843,844 844,844 845,844 861,837 888,844 889,844 889,844 926,836 927,826 926,791 872,791 872,791 871,791 868,791 853,797 838,791 835,791 834,791 833,791 832,791 830,792 802,807 707,807 685,793 676,788 675,788 674,788 673,788 672,788 660,793 646,800 627,794 606,788 605,788 537,787 536,787 535,787 516,795 505,800 495,796 494,796 493,796 456,801 436,796 428,793 427,793 426,793 425,793 424,793 421,796 413,801 377,802 364,796 341,784 340,784 307,784 306,784 305,784 305,784 286,797 278,801 156,799 156,821"/>
        <pc:Baseline points="156,821 413,821 785,828 927,826"/>
        <pc:TextEquiv index="0">
          <pc:Unicode>von den Esquimaux ſo behandelt worden, daß es</pc:Unicode>
        </pc:TextEquiv>
        <pc:TextEquiv conf="0.9862" index="1">
          <pc:Unicode>von den Esquimaux ſo behandelt worden, daß es</pc:Unicode>
        </pc:TextEquiv>
      </pc:TextLine>
      <pc:TextLine id="eSc_line_dd823019" custom="structure {type:default;}">
        <pc:Coords points="166,863 166,886 209,886 209,885 210,885 229,876 272,874 292,876 307,885 310,888 311,888 312,888 313,888 313,888 323,885 362,876 388,885 394,888 395,888 396,888 397,888 398,888 400,885 415,876 425,876 445,885 454,890 455,890 456,890 478,885 491,883 498,885 510,892 511,892 547,892 548,892 549,892 550,892 560,885 567,882 618,882 638,883 642,885 654,894 655,894 656,894 657,894 658,894 684,885 689,884 694,885 731,896 732,896 733,897 782,897 782,896 783,896 805,885 808,884 839,884 841,885 854,892 855,892 855,892 856,892 857,892 858,892 870,885 871,884 872,885 886,889 887,889 888,889 931,884 932,875 932,850 915,844 915,844 914,844 898,847 884,837 883,837 882,837 850,837 849,837 848,837 826,848 810,836 809,836 808,836 787,836 786,836 785,836 762,848 759,849 712,849 709,847 693,841 692,841 691,841 673,843 661,835 661,835 660,835 659,835 658,835 657,835 640,846 637,847 612,847 610,845 582,833 581,833 533,831 518,831 517,831 516,831 516,831 498,843 496,844 460,844 458,843 443,832 442,832 441,832 440,832 440,832 417,842 416,842 415,842 385,832 384,832 383,832 382,832 365,841 335,827 334,827 295,827 294,827 293,827 281,833 260,826 259,826 258,826 257,826 232,839 166,839 166,863"/>
        <pc:Baseline points="166,863 651,875 932,875"/>
        <pc:TextEquiv index="0">
          <pc:Unicode>grönländiſche Geſchw. nicht hätten beſſer machen kön̅en.</pc:Unicode>
        </pc:TextEquiv>
        <pc:TextEquiv conf="0.9834" index="1">
          <pc:Unicode>grönländiſche Geschw. nicht hätten beſſer machen kön̅en.</pc:Unicode>
        </pc:TextEquiv>
      </pc:TextLine>
      <pc:TextLine id="eSc_line_59913181" custom="structure {type:default;}">
        <pc:Coords points="152,909 151,921 186,921 186,921 210,931 211,931 211,931 319,923 324,923 329,923 396,933 397,933 428,926 454,935 455,935 456,935 457,935 468,929 509,933 510,933 511,933 523,926 545,935 546,935 547,935 548,935 567,930 584,935 584,935 585,935 586,935 595,930 604,935 605,935 606,935 645,930 678,935 679,935 705,929 718,938 719,938 720,938 720,938 721,938 737,933 788,938 788,938 855,931 881,941 882,941 883,941 933,931 934,919 933,884 810,883 809,883 808,883 803,885 771,903 754,903 720,886 711,883 711,883 710,883 709,883 699,887 693,890 686,887 677,884 676,884 675,884 674,884 673,884 668,887 647,901 610,901 593,888 592,887 591,887 590,887 558,887 557,887 556,887 552,889 533,900 518,900 495,890 487,886 486,886 449,884 427,884 426,884 425,884 424,884 416,891 406,897 333,897 323,892 292,876 291,876 231,875 230,875 229,875 194,892 152,893 152,909"/>
        <pc:Baseline points="152,909 593,922 934,919"/>
        <pc:TextEquiv index="0">
          <pc:Unicode>Sie haben auch bey der Gelegenheit manches Wort</pc:Unicode>
        </pc:TextEquiv>
        <pc:TextEquiv conf="0.9677" index="1">
          <pc:Unicode>Sie haben auch bey der Gelegenheit manches Wort</pc:Unicode>
        </pc:TextEquiv>
      </pc:TextLine>
      <pc:TextLine id="eSc_line_938cf0ca" custom="structure {type:default;}">
        <pc:Coords points="160,963 160,972 228,971 231,973 251,984 252,984 253,985 296,985 296,984 297,984 298,984 313,974 315,973 327,973 330,974 358,985 359,985 360,985 466,976 475,975 480,976 503,982 504,982 505,982 598,981 599,981 611,977 615,976 618,977 653,988 654,988 655,988 656,988 676,980 700,990 701,990 748,991 749,991 750,991 774,980 934,979 935,968 935,939 921,935 920,935 919,935 918,935 906,939 885,946 860,941 859,941 858,941 838,949 817,943 816,943 815,943 745,948 725,939 720,936 719,936 718,936 717,936 711,939 699,946 688,939 687,939 686,939 686,939 682,939 656,942 651,939 638,930 637,930 636,930 533,928 533,928 532,928 519,935 500,928 500,928 499,928 498,928 472,939 470,940 468,939 450,929 449,929 449,929 448,929 447,929 432,939 425,943 381,943 376,939 356,926 355,926 355,926 273,925 272,925 271,925 244,939 241,941 160,940 160,963"/>
        <pc:Baseline points="160,963 287,962 732,973 935,968"/>
        <pc:TextEquiv index="0">
          <pc:Unicode>vom l. Hld. angebracht. D. 11ten fuhren 3 Boote mit</pc:Unicode>
        </pc:TextEquiv>
        <pc:TextEquiv conf="0.9902" index="1">
          <pc:Unicode>vom l. Hld. angebracht. D. 11ten fuhren 3 Boote mit</pc:Unicode>
        </pc:TextEquiv>
      </pc:TextLine>
      <pc:TextLine id="eSc_line_e07939d1" custom="structure {type:default;}">
        <pc:Coords points="155,1030 217,1034 218,1034 219,1034 220,1034 225,1030 240,1022 319,1022 337,1030 350,1036 351,1036 352,1036 353,1036 372,1030 383,1027 398,1030 427,1036 428,1036 429,1036 444,1030 449,1027 492,1027 502,1030 513,1034 514,1034 515,1034 516,1034 526,1030 531,1028 558,1029 586,1031 587,1031 588,1031 592,1029 599,1026 605,1029 618,1038 618,1038 619,1038 620,1038 695,1030 717,1038 718,1038 802,1040 803,1040 804,1040 829,1029 830,1028 843,1029 893,1033 894,1033 937,1028 938,1017 937,985 872,985 872,985 871,985 861,991 852,985 852,985 851,985 850,985 771,985 770,985 769,985 767,985 736,1002 699,1002 640,997 639,997 542,1000 516,985 508,981 507,981 484,981 483,981 483,981 482,981 475,985 456,998 428,985 423,983 422,983 421,983 420,983 419,983 415,985 405,992 388,990 387,990 386,990 364,998 347,998 332,990 331,990 330,990 264,993 242,985 237,984 236,984 235,984 226,985 185,994 157,985 156,1011 155,1030"/>
        <pc:Baseline points="156,1011 703,1019 938,1017"/>
        <pc:TextEquiv index="0">
          <pc:Unicode>Esquimaux, welche dieſer Tage hier geſtanden haben,</pc:Unicode>
        </pc:TextEquiv>
        <pc:TextEquiv conf="0.9879" index="1">
          <pc:Unicode>Esquimaux, welche dieſe Tage hier geſtanden haben,</pc:Unicode>
        </pc:TextEquiv>
      </pc:TextLine>
      <pc:TextLine id="eSc_line_295d5ced" custom="structure {type:default;}">
        <pc:Coords points="936,1031 896,1031 895,1031 894,1031 893,1031 865,1050 838,1050 814,1037 813,1037 813,1037 796,1039 771,1031 767,1030 766,1030 765,1030 764,1030 762,1031 716,1048 605,1047 576,1032 567,1027 567,1027 566,1027 565,1027 550,1032 536,1036 531,1032 524,1027 523,1027 522,1027 433,1026 432,1026 432,1026 431,1026 423,1032 417,1036 394,1033 393,1033 392,1033 372,1044 282,1044 265,1032 253,1024 252,1024 251,1024 236,1023 235,1023 234,1023 213,1033 196,1040 170,1033 169,1058 169,1069 254,1069 256,1069 280,1080 281,1080 282,1080 283,1080 301,1074 313,1078 313,1078 314,1078 315,1078 316,1078 325,1071 339,1076 340,1076 341,1076 382,1070 389,1069 393,1070 423,1078 423,1078 424,1078 457,1071 494,1083 495,1083 496,1083 538,1076 565,1076 575,1083 576,1083 576,1083 577,1083 578,1083 592,1076 630,1076 640,1083 641,1083 642,1083 643,1083 667,1078 703,1086 704,1086 763,1082 780,1086 781,1086 782,1087 817,1087 817,1086 818,1086 835,1078 861,1084 862,1084 863,1084 864,1084 876,1076 936,1076 937,1063 936,1031"/>
        <pc:Baseline points="169,1058 666,1068 937,1063"/>
        <pc:TextEquiv index="0">
          <pc:Unicode>wieder weg. Das Wort von ihrem Schöpfer u. Ver-</pc:Unicode>
        </pc:TextEquiv>
        <pc:TextEquiv conf="0.9865" index="1">
          <pc:Unicode>wieder weg. Das Wort von ihrem Schöpfer u. Ver-</pc:Unicode>
        </pc:TextEquiv>
      </pc:TextLine>
      <pc:TextLine id="eSc_line_10739e7c" custom="structure {type:default;}">
        <pc:Coords points="167,1109 168,1135 193,1119 198,1123 199,1123 200,1123 201,1123 202,1123 203,1123 210,1119 250,1122 265,1133 268,1136 269,1136 270,1136 271,1136 271,1136 278,1133 294,1126 305,1130 305,1130 306,1130 307,1130 328,1125 338,1130 339,1130 340,1130 341,1130 342,1130 351,1123 399,1122 408,1128 409,1128 410,1128 411,1128 449,1125 466,1130 488,1138 489,1138 559,1139 560,1140 577,1140 577,1139 578,1139 579,1139 596,1128 607,1123 637,1123 645,1128 652,1134 653,1134 654,1134 655,1134 656,1134 673,1128 675,1128 677,1128 715,1135 716,1135 751,1127 753,1127 767,1127 838,1128 845,1133 846,1133 847,1133 847,1133 923,1124 924,1117 924,1099 837,1099 834,1097 830,1094 830,1094 829,1094 828,1094 755,1095 720,1096 716,1095 689,1078 688,1078 687,1078 686,1078 686,1078 661,1085 647,1076 646,1076 645,1076 624,1076 623,1076 622,1076 621,1076 596,1093 592,1095 539,1095 533,1092 510,1080 509,1080 508,1080 508,1080 491,1086 468,1074 467,1074 441,1074 440,1074 440,1074 393,1088 371,1073 370,1073 369,1073 368,1073 338,1078 323,1073 322,1073 322,1073 271,1077 265,1072 264,1072 263,1072 213,1072 212,1072 211,1072 185,1086 184,1086 167,1086 167,1109"/>
        <pc:Baseline points="167,1109 511,1116 924,1117"/>
        <pc:TextEquiv index="0">
          <pc:Unicode>ſöhner iſt ihnen fleiſſig gepredigt worden. Sie</pc:Unicode>
        </pc:TextEquiv>
        <pc:TextEquiv conf="0.988" index="1">
          <pc:Unicode>ſöhner iſt ihnen fleiſſig gepredigt worden. Sie</pc:Unicode>
        </pc:TextEquiv>
      </pc:TextLine>
      <pc:TextLine id="eSc_line_6e09bb3d" custom="structure {type:default;}">
        <pc:Coords points="170,1156 171,1176 197,1168 239,1168 255,1176 258,1177 259,1177 260,1177 261,1177 262,1177 262,1176 273,1169 318,1169 346,1175 353,1177 354,1177 384,1175 420,1173 423,1175 427,1178 428,1178 429,1178 430,1178 469,1175 482,1174 483,1175 488,1179 489,1179 490,1179 491,1179 491,1179 501,1175 508,1172 516,1175 530,1179 531,1179 532,1179 588,1174 605,1173 608,1174 618,1179 619,1179 620,1180 657,1180 657,1179 658,1179 659,1179 666,1174 670,1171 708,1171 712,1174 723,1180 724,1180 725,1180 726,1180 758,1175 770,1180 771,1180 771,1180 772,1180 785,1173 787,1172 808,1172 812,1173 832,1181 833,1181 834,1181 856,1177 889,1181 890,1181 935,1172 936,1154 934,1123 856,1123 855,1123 855,1123 830,1137 802,1142 768,1128 767,1128 766,1128 765,1128 729,1137 715,1128 714,1128 713,1128 695,1124 677,1121 677,1121 659,1124 657,1125 656,1125 655,1125 638,1137 619,1124 615,1121 614,1121 613,1121 597,1121 596,1121 595,1121 594,1121 590,1125 567,1141 502,1141 468,1125 457,1120 457,1120 456,1120 455,1120 446,1125 419,1140 392,1140 380,1133 379,1133 378,1133 377,1133 365,1139 302,1139 290,1130 289,1130 288,1130 288,1130 287,1130 271,1134 259,1127 249,1120 248,1120 247,1120 221,1118 184,1118 183,1118 182,1118 181,1118 170,1125 170,1156"/>
        <pc:Baseline points="170,1156 735,1162 897,1159 936,1154"/>
        <pc:TextEquiv index="0">
          <pc:Unicode>haben ſich aufmerkſam u. ſtille dabey bezeigt u. habn</pc:Unicode>
        </pc:TextEquiv>
        <pc:TextEquiv conf="0.9837" index="1">
          <pc:Unicode>haben ſich aufmerkſam u. ſtille dabey bezeigt u. habn</pc:Unicode>
        </pc:TextEquiv>
      </pc:TextLine>
      <pc:TextLine id="eSc_line_66f89f4c" custom="structure {type:default;}">
        <pc:Coords points="167,1206 167,1216 228,1216 230,1217 257,1229 258,1229 259,1229 288,1224 300,1229 301,1229 302,1229 303,1229 320,1220 380,1229 381,1229 424,1219 437,1227 438,1227 439,1227 440,1227 440,1227 460,1219 463,1219 532,1224 533,1224 559,1220 578,1231 579,1231 580,1231 581,1231 609,1225 627,1231 628,1231 629,1231 630,1231 655,1221 680,1221 699,1230 700,1230 701,1230 702,1230 703,1230 717,1221 718,1221 746,1221 774,1221 791,1233 792,1233 793,1233 794,1233 830,1229 838,1234 838,1234 839,1234 840,1235 902,1235 902,1234 903,1234 904,1234 920,1222 938,1221 939,1209 936,1183 905,1193 869,1185 868,1185 843,1186 836,1183 821,1177 820,1177 819,1177 818,1177 817,1177 807,1183 794,1192 780,1185 779,1185 779,1185 756,1189 744,1184 743,1184 742,1184 741,1184 707,1195 584,1195 544,1193 525,1184 501,1175 500,1175 500,1175 499,1175 482,1185 466,1193 386,1193 374,1185 358,1173 357,1173 356,1173 201,1171 200,1171 199,1171 167,1185 167,1206"/>
        <pc:Baseline points="167,1206 756,1213 939,1209"/>
        <pc:TextEquiv index="0">
          <pc:Unicode>auch Luſt, Verſe zu lernen, inſonderheit die jungen</pc:Unicode>
        </pc:TextEquiv>
        <pc:TextEquiv conf="0.9908" index="1">
          <pc:Unicode>auch Luſt, Verſe zu lernen, inſonderheit die jungen</pc:Unicode>
        </pc:TextEquiv>
      </pc:TextLine>
      <pc:TextLine id="eSc_line_36bab744" custom="structure {type:default;}">
        <pc:Coords points="166,1254 165,1265 194,1270 195,1270 196,1270 204,1266 208,1264 213,1266 248,1276 249,1276 309,1277 310,1277 311,1277 352,1266 359,1264 364,1266 372,1270 373,1270 374,1270 397,1266 404,1265 406,1266 429,1278 430,1278 431,1279 452,1279 452,1278 453,1278 480,1267 496,1278 497,1278 498,1278 499,1278 500,1278 500,1278 515,1267 534,1266 552,1266 557,1267 599,1274 600,1274 632,1270 644,1275 645,1275 646,1275 647,1275 661,1270 676,1280 677,1280 677,1280 678,1280 707,1280 707,1280 708,1280 732,1268 790,1275 791,1275 792,1275 815,1270 838,1271 851,1280 852,1280 853,1280 854,1280 855,1280 883,1268 932,1268 932,1260 932,1231 918,1229 917,1229 916,1229 909,1231 876,1243 857,1237 856,1237 855,1237 823,1243 776,1236 775,1236 746,1242 671,1238 670,1238 619,1241 605,1232 604,1231 603,1231 602,1231 601,1231 601,1231 599,1232 586,1239 559,1240 546,1232 538,1226 537,1226 536,1226 493,1225 463,1225 462,1225 461,1225 460,1225 449,1232 440,1238 432,1232 428,1229 427,1229 426,1229 385,1224 384,1224 383,1224 354,1233 353,1233 339,1224 338,1224 338,1224 271,1223 271,1223 270,1223 258,1229 244,1224 243,1224 242,1224 241,1224 240,1224 228,1233 220,1238 166,1234 166,1254"/>
        <pc:Baseline points="166,1254 932,1260"/>
        <pc:TextEquiv index="0">
          <pc:Unicode>Leute beyderl. Geſchlechts. Singen hören ſie gar</pc:Unicode>
        </pc:TextEquiv>
        <pc:TextEquiv conf="0.9863" index="1">
          <pc:Unicode>Leute beyderl. Geſchlechts. Singen hören ſie gar</pc:Unicode>
        </pc:TextEquiv>
      </pc:TextLine>
      <pc:TextLine id="eSc_line_c692f4c3" custom="structure {type:default;}">
        <pc:Coords points="161,1304 160,1322 177,1323 178,1323 179,1323 180,1323 181,1322 198,1313 244,1318 245,1318 293,1313 309,1321 310,1321 311,1321 312,1321 337,1314 375,1318 376,1318 416,1314 484,1321 491,1321 492,1321 493,1321 495,1320 512,1315 541,1320 542,1320 543,1320 544,1320 552,1316 559,1320 571,1326 572,1326 573,1326 602,1320 618,1326 618,1326 619,1326 620,1326 638,1321 681,1327 682,1327 683,1327 684,1327 693,1321 701,1327 702,1327 703,1327 872,1328 872,1328 873,1328 903,1317 904,1317 939,1317 940,1307 937,1281 914,1290 892,1285 891,1285 890,1285 889,1285 864,1293 814,1293 778,1288 769,1282 753,1273 752,1273 709,1273 708,1273 707,1273 691,1282 689,1283 688,1282 668,1272 667,1272 613,1272 612,1272 611,1272 593,1280 584,1272 583,1272 582,1272 548,1272 547,1272 546,1272 545,1272 536,1279 521,1272 520,1272 519,1272 518,1272 517,1272 498,1283 487,1290 427,1290 384,1288 378,1284 356,1271 355,1271 355,1271 327,1271 326,1271 325,1271 298,1285 292,1288 275,1285 245,1280 245,1280 244,1280 223,1285 212,1288 199,1285 183,1282 182,1282 161,1285 161,1304"/>
        <pc:Baseline points="161,1304 437,1304 751,1310 940,1307"/>
        <pc:TextEquiv index="0">
          <pc:Unicode>zu gerne. Wir haben die Zeit her fleiſſig an unſerm</pc:Unicode>
        </pc:TextEquiv>
        <pc:TextEquiv conf="0.9809" index="1">
          <pc:Unicode>zu gerne. Wir haben die Zeit her fleiſſig an unſerm</pc:Unicode>
        </pc:TextEquiv>
      </pc:TextLine>
      <pc:TextLine id="eSc_line_8d137376" custom="structure {type:default;}">
        <pc:Coords points="164,1347 163,1381 238,1373 239,1373 252,1366 262,1373 262,1373 263,1373 264,1373 265,1373 279,1365 319,1365 356,1365 405,1380 406,1380 407,1380 408,1380 418,1380 429,1378 430,1378 431,1378 447,1368 467,1368 480,1376 481,1376 482,1376 483,1376 591,1371 606,1377 632,1389 633,1389 712,1389 713,1389 714,1389 741,1379 765,1389 766,1389 853,1391 854,1391 855,1391 894,1374 895,1374 941,1374 942,1358 942,1327 889,1322 888,1322 887,1322 869,1326 859,1329 846,1326 812,1320 811,1320 810,1320 788,1326 745,1339 675,1333 674,1333 515,1336 496,1326 486,1321 485,1321 449,1314 345,1314 344,1314 343,1314 342,1314 324,1325 321,1325 279,1332 263,1325 251,1320 250,1320 249,1320 229,1321 202,1311 201,1311 186,1311 186,1311 185,1311 184,1311 164,1323 164,1347"/>
        <pc:Baseline points="164,1347 538,1357 942,1358"/>
        <pc:TextEquiv index="0">
          <pc:Unicode>Hauſe gearbeitet, u. da wir nunmehr in Ordnung kamen:</pc:Unicode>
        </pc:TextEquiv>
        <pc:TextEquiv conf="0.9846" index="1">
          <pc:Unicode>Hauſe gearbeitet, u. da wir nunmehr in Ordnung kamen:</pc:Unicode>
        </pc:TextEquiv>
      </pc:TextLine>
      <pc:TextLine id="eSc_line_dd5a5b40">
        <pc:Coords points="860,1393 856,1436 907,1437 912,1397 911,1364 860,1374 860,1393"/>
        <pc:Baseline points="861,1394 913,1398"/>
        <pc:TextEquiv index="0">
          <pc:Unicode>ſo</pc:Unicode>
        </pc:TextEquiv>
        <pc:TextEquiv conf="1." index="1">
          <pc:Unicode>ſo</pc:Unicode>
        </pc:TextEquiv>
      </pc:TextLine>
    </pc:TextRegion>
    <pc:TextRegion id="eSc_textblock_16b7e27f" custom="structure {type:text;}">
      <pc:Coords points="120,1601 120,1604 107,1604 109,1601"/>
    </pc:TextRegion>
    <pc:TextRegion id="eSc_textblock_ce719b39" custom="structure {type:text;}">
      <pc:Coords points="167,1601 167,1604 139,1604 141,1601"/>
    </pc:TextRegion>
  </pc:Page>
</pc:PcGts>
