1000 1609
66 160 772 237 trockenste in ihr zu seyn scheint, finde ich eine Spur
64 220 801 279 meines l. HErrn. Seine lezte Predigt vor seiner
65 264 835 327 Krankheit war über Coloss. 3,2: Trachtet nach dem, was
68 316 784 377 droben ist, u. s. w. Nächst dem Segen, den ein
65 362 832 417 jedes ins besondere von seiner Sorge u. Treue hatte, ist
72 408 826 466 unser sel. Br. Sparks ein merkwürdiger Beweis
63 455 821 519 davon gewesen; welcher in die größte Noth, sowol in̅erl.
67 499 845 565 als äusserl. gerathen war, als Br. Gambold hieher kam.
76 550 802 613 Seine Treue u. Zärtlichkeit gegen dieses beküm̅erte
69 594 807 664 u. beschwerte Herz,[?] segnete unser l. Hld. so, daß er
76 648 819 710 ganz heiter u. getröstet wurde, über alles, was vorge⸗
72 693 825 757 kom̅en war, zur größten Freude unsers ganzen Volks,
67 737 814 801 so daß einige sagten: Wen̅ er blos dieses Man̅es
64 793 814 846 wegen hieher gekom̅en wäre, so wäre es Belohnung genug.
93 837 811 899 Es lag ihm jederzeit sehr an, die Armen u. Betrübten
67 889 810 942 zu trösten. Die einigen Besuche, die er ausser der
74 927 793 992 Stadt gemacht, sind gewesen, im Novbr 1768 u. im
73 979 766 1036 May 1769 in Trecom, wo er sehr willkom̅en war.
72 1027 812 1089 Im leztgedachten Monate, war er auch mit seiner Frau
67 1073 813 1135 in Laugharn, woselbst er die kleine Societaet einrich
67 1123 802 1184 tete. Seine lezte Reise war im Jun. 1770, nach
73 1163 813 1233 Clariston, den Mr. Roach zu besuchen.
74 1221 805 1279 Vorher hatte er sich einige Tage sehr schwach befunden, weil er
76 1267 813 1330 aber sehr verlangt wurde, u. er überhaupt sehr gut⸗
66 1318 805 1393 herzig u. gefäll. war, so willigte er drein, ob es ihm
729 1356 815 1409 gleich
755 90 829 132 471.
