1000 1608
163 92 241 139 478.
186 169 924 239 Chor⸗Homilie zu halten, äusserte die lieblichsten Gedanken
174 223 924 282 mit solcher Deutlichkeit, als jemals; da indeß den Anwesen⸗
181 268 924 329 den die Thränen herabfloßen. Ich muß beken̅en, ich bedaure
184 318 916 383 sehr; daß wir nicht einige solcher Reden nachgeschrieben
187 368 917 425 haben. Er glaubte manchmal, daß wir in der Conferenz
180 417 910 475 beysam̅en wären; u. ertheilte uns auf die ihm gewöhnl.e
178 465 908 525 Weise den lehrreichsten Rath sowol ins Ganze, als ins
181 514 926 575 besondre. Sowol jezt als oftmals vorher, kon̅te er einem,
184 558 920 616 jeden der um ihn war, seine Zufriedenheit u. Dankbarkeit
176 603 907 664 nicht genug ausdrücken, besonders auch für die treue Pflege
179 659 909 719 seiner l. Frau. Ein jeder, der zu ihm kam um diese Zeit,
179 705 899 762 oder bey ihm machte, hatte einen Segen davon, weil ein
179 750 921 811 ausserordentl.es Gefühl der Gegenwart unsers l. Hlds. bey ihm
172 798 920 853 zu spüren war. Auf diese sel. Weise verbrachte er seine
158 839 909 906 Zeit bis Don̅erstags d. 12ten Sept. da er sehr aufgelegt
178 891 923 954 zum Singen war, einige Verse selbst angab u. die Melodie
173 938 916 997 davon mitsang, da er die Worte nicht mehr aussprechen
178 979 916 1042 kon̅te. Gegen Abend wurde er still u. es schien, daß der
173 1027 919 1088 lezte Augenblick herannahe. Er rief mit Nachdruck u.
170 1075 914 1135 einem durchdringenden Gefühl aus: Lieber Hld! gedenke
172 1124 831 1180 meines armen Namens, u. kom̅ bald, bald, bald!
182 1159 923 1234 So blieb er bis gegen 5 Uhr Morgens am 13ten Sept.br
176 1221 899 1277 da er während dem Gesang einiger Verse, u. unter
172 1264 915 1323 einem hinnehmenden Gefühl des Friedens Gottes in die
174 1315 773 1388 Arme seines geliebten HErrn überging.
826 1348 898 1396 Die
