1000 1609
739 96 812 140 479.
64 160 789 230 Die Die Zeit seiner Wallfahrt hinnieden ist gewesen
61 220 725 275 60 Jahr, 4 Monat, 3 Wochen u. einen Tag.
63 263 796 323 Er hinterläßt 2 Kinder, eine Tochter in Herrnhut u.
65 314 779 373 ein Sohn in unsrer Kinder⸗Anstalt zu Fulneck.
60 359 813 420 Noch müßen wir anführen, daß er, den Leuten der
51 407 797 470 Engl.en Kirche, zu zeigen, was für Schäze ihnen GOtt
77 459 791 513 in den öffentl.en Kirchen⸗Gebet⸗Buch dargereicht, u. um
63 503 788 566 diese alte Liturgie desto beliebter zu machen, im Jahr
59 555 770 611 1765, jedoch ohne seinen Namen, einen kurzen In̅begriff
65 608 790 659 Christl.er Lehre, in Fragen u. Antworten herausgegeben;
71 648 798 710 leztere sind alle mit den Worten des öffentl.en Gebet⸗
73 692 802 762 Buch der Engl.en Kirche ausgedrückt; woraus man sehen
76 743 813 803 kan, wie nachdrückl. die wesentl.en Artikel der geoffen⸗
63 792 784 847 barten Religion, in demselben vorgetragen werden.
59 834 778 894 Er merkte an, es geschehe oft aus unzulängl.er Auf⸗
63 884 794 944 merksamkeit, daß man der Gebete gewohntwerde,
60 927 798 992 ohne ihre ganze Christl.e Bedeutung völl. einzusehen u.
64 978 795 1036 andere, die einen Geschmack an den Evangel.en Wahr⸗
59 1024 796 1081 heiten u. ein Verlangen darnach hätten, bliebe es un⸗
63 1067 751 1135 bekan̅t, daß in dem Kirchen⸗Gebet⸗Buch der Engl.en
66 1118 799 1184 Kirche, eben diese Dinge ganz deutl. zu finden wären.
72 1164 762 1230 Er machte auch viele Lieder, die seines Herzens
59 1207 788 1272 Verlangen u. Zustand sehr schön aus drückten; welche
65 1256 786 1327 in unsern Gesang⸗Büchern, sich befinden, sie haben
55 1308 559 1394 wirkl. etwas ihm eigenthümliches.
695 1329 778 1395 Sein
