1000 1609
172 89 253 135 456.
199 162 933 227 nur glauben kon̅te, daß ſie auf der rechten Spur wären,
196 214 926 278 ſondern daß ich Theil an ihrer Gnade haben kön̅te. Nach
196 268 930 328 einem abermal.en Beſuch in London fühlte ich einen an⸗
194 315 923 383 genehmen Trieb in meinem Herzen, meinem l. Hld. ganz
190 374 345 424 zu leben".
213 408 927 471 Die Zeit von 1739 bis 1742 hat er, wie es ſcheint, un⸗
186 458 917 524 ter vielen Abwechſel.en zugebracht; das Licht; das ihm
195 513 929 571 geſchienen hatte, wurde oft verdunkelt, er fiel wieder
187 557 919 617 in die Verlegenheit u. in die Verwirrung, denen man
191 606 931 663 unterworfen iſt, wen̅ man nicht auf dem einfältigen
191 648 932 712 Wege des kindl.en Glaubens an das Blut Jeſu Chriſti bleibt,
191 698 923 759 welcher nach dem göttl.en Rathſchluß uns zu allem gemacht
193 749 915 800 iſt, u. uns arme Sünder allein ſel. machen u. erhalten
198 794 909 849 kan̅. Alle ſeine Vorſtell.en ſchlugen ihm, wie er ſich
196 836 922 901 ſelbſten ausdrückte, fehl, u. der Sünden⸗Laſt kon̅te er nicht
191 888 918 944 los werden, ſo lange er nicht des rechten u. einig wah⸗
189 936 919 990 ren Weges gewiß war. Er fing daher an, ſich in Acht
193 991 922 1043 zu nehmen vor dem, was er ſeine Vernunft nan̅te, u.
184 1033 915 1091 befürchtete, ſeine alten myſtischen Gedanken möchten
187 1081 916 1136 ihn noch weiter verleiten. Er hatte daher nicht mehr
189 1126 911 1188 Luſt ihnen nachzugehen, u. da er glaubte, daß ſein
193 1184 913 1227 einſames Leben in einem abgelegenen Flecken, ihn
193 1224 907 1283 ſehr leichte dazu verführen kön̅te, u. er in London
188 1272 914 1331 eine Familie Gläubiger ſahe, die als dem Hld. ganz
187 1326 908 1382 ergebene Leute zuſam̅en lebten: ſo wünſchte er, daß
851 1356 914 1405 er
