1000 1609
77 159 805 219 geiſt⸗ u. leibl.e Wohlthaten zu erzeigen. Da er
62 209 813 270 mit dieſen Studenten bekan̅t wurde, befand er
74 258 834 317 ſich in einem ſolchen Grad der Mutloſigkeit, daß
69 307 801 372 er alle Sorge für ſeine Perſon u. Kleider gänzl.
67 355 820 412 unterließ; doch entzog er ſich nicht, wen̅ die Reyhe
70 408 831 463 ihn traf, die Armen zu beſuchen u. ſ. w. ob er ſich
77 446 818 517 gleich ſonſt am liebſten einſam u. in ſein Zim̅er
76 496 838 565 verſchloß. Zu dieſer Zeit fing er an, die Schrif⸗
67 547 816 607 ten der Kirchen⸗Väter zu leſen, u. die dunkelſten,
78 596 834 656 ſonderl. die ſogenan̅ten Myſticken, waren ihm am
77 641 833 702 gemüthlichſten. Da ſeine Ken̅tniß der Griechiſchen
77 683 833 752 Sprache sehr groß war, so fand er viel Vergnügen
78 736 799 794 an dem Nachdruck dieſer Sprache. Die tiefen
79 780 793 842 Betrachtungen dieſer Schriftſteller, die ſo viele
79 831 829 890 Gottesfurcht blicken ließen, ihre ſchönen Anſpielun⸗
76 875 806 939 gen, u. die hinreißende Stärke u. Reichthum ihres
80 921 830 986 Ausdrucks, waren ſeinem Geſchmack ganz gemäß.
83 973 830 1032 Er folgte ihnen in ihren tiefen Speculationen über⸗
84 1017 818 1084 all nach, u. wurde ihnen in ſeiner ganzen Denk⸗ u.
81 1063 831 1136 Handel⸗Weise mehr ähnl., als einem Man̅e von der
79 1117 809 1179 heutigen Welt. Dabey überließ er ſich ſeiner
84 1166 822 1228 Schwermuth u. tiefen Nachdenken, welches zuſam⸗
75 1218 820 1272 men genom̅en machte, daß er ſich von ſeinen an⸗
72 1256 819 1318 dern Cameraden, ja überhaupt von allen Menſchen
77 1309 809 1391 unterſchied. Er kon̅te ſeinen Geſchmack u. ſeine
668 1356 803 1432 Begriffe
762 82 843 129 451.
