1000 1609
71 168 809 233 er auch die Gnade haben möchte, in einer ſolchen Familie zu
74 219 807 281 leben, nicht mehr ſeinen alten Gedanken nachzuhängen,
72 268 807 325 u. Ruhe zu finden vor ſeinen Vernünfteleyen, die ihm
74 312 827 374 von ao. 1737 bis 42 ſo ſehr geſchadet, u. ihn aufgehalten
73 356 822 420 hatten, daß er zu keinem dauerhaften Frieden gelangt
66 415 808 463 war. Er erin̅erte ſich von einem der Brr. den er⸗
71 453 827 517 ſten Schall des Evangelii vernom̅en zu haben, u. glaub⸗
72 499 796 565 te glückl. zu ſeyn, wen̅ er es beſtändig hören, und
69 554 803 606 darin̅ als in ſeinem Element leben kön̅te, wovon er
72 592 783 666 auch ſchon ſo manchen ſüßen, obgl. durch eigne Schuld
66 649 809 705 nur noch im̅er vorübergehenden Genuß gehabt hätte.
85 690 817 757 Er entſchloß ſich daher, als ein kleines Kind zu kom̅en,
77 741 798 809 um gewartet u. gepflegt zu werden, u. hatte keine
80 792 785 850 hohe Gedanken von irgend einem Nuzen, den andre
67 835 796 893 von ihm künftig haben kön̅ten, ſondern, wie er ſich aus⸗
74 880 813 939 drückte: "Nachdem ich zu Anfang Oct.br 1742 die
75 927 827 989 Verſicherung erhalten, daß mir dieſe Gnade zu Theil
75 977 809 1037 werden kon̅te: ſo reiſte ich aus meinem Kirchſpiel ab,
80 1031 586 1084 um ganz unter den Brrn. zu wohnen."
70 1067 813 1132 Wegen ſeines Abſchieds von ſeinem Amte, ſchrieb er
84 1117 808 1179 an den Biſchof zu Oxford u. an ſeinen Patron, den
83 1164 822 1225 Lord Harcourt, welcher zwar verlegen wurde darüber,
80 1211 804 1274 daß er einen ſolchen Schritt that, ihn aber nicht über⸗
70 1263 753 1320 reden kon̅te, noch wolte, denſelben zu unterlaßen.
84 1304 829 1387 Er legte darauf ſein Amt auf gehörige Weiſe nieder,
718 1354 758 1399 u.
743 82 823 130 457.
