1000 1609
173 92 250 139 468.
198 164 927 227 stande wäre, thun wolle, u. in seiner Seele einen tiefen
196 216 928 276 Schmerz fühlen würde, bey dem Gedanken, daß die Gem.en
197 274 922 326 in Gefahr wären, vernachlässigt zu werden: so wurde
195 311 913 371 ihm vorgeschlagen, an einen Ort nach freyer Wahl zu
187 362 928 417 ziehen, um die übrigen Tage seines Sterbens⸗Lebens,
192 418 906 464 ohne alle Sorge u. Kum̅er der Seele zuzubringen, und
178 450 899 511 blos die Liebe aller, die um ihn sind, zu genießen. Er
184 501 923 555 war auch wirkl. so zärtl. geliebt, daß er einer jeden
193 548 915 609 unsrer Gem.en, die er nur erwählt haben würde, zur
188 596 923 658 wahren Freude gewesen wäre. Nachdem ihm die⸗
196 648 913 707 ser Vorschlag geschehen war, schreibt er in einem
188 695 814 746 Briefe vom 24ten Julii 1771. folgendes:
190 733 915 795 "Ich bin völl. überzeugt, daß der mich betreffende
194 781 929 844 Vorschlag aus eurem zärtl.en u. brüderl.en Verlangen,
189 836 926 892 es mir in allen Stücken so bequem als mögl. zu machen,
191 876 933 943 herrührt. Welchen Vorschlag die ehrwürdige Unitaets⸗
189 925 932 985 Anst.⸗Conferenz, auch mit solchem Eifer u. Geneigtheit,
192 972 927 1034 als ich nach meiner Ueberzeugung nie verdient habe,
194 1021 926 1083 genehmigt hat: so daß ich bis zum lezten Athem, gegen
187 1072 899 1128 euch u. sie die lebhaftesten Empfindungen der Dankbar⸗
183 1108 951 1181 keit behalten werde. Einige Umstände machen es mir
194 1159 950 1234 aber zweifelhaft, ob es das beste sey, gegenwärtig den
182 1200 943 1284 Vorschlag auszuführen, oder ob ich nicht erst mit der Hülfe,
190 1269 916 1323 die ich hier haben kan, einen Versuch machen soll, die
186 1301 939 1403 Sachen, bis ich wirkl. Abscheide, in dem jezigen Gange zu erhalten.
846 1350 917 1438 In
