1000 1609
794 67 857 117 181.
82 143 848 203 III.) Extract aus dem Diario der Geſchw. zu Nain
91 206 844 266 in Labrador, vom 26ten Sept. 1771, bis Ende Oct. 1772.
83 257 825 311 Am 26ten Septbr 1771. ging der Capitain, der uns
77 299 826 362 hieher gebracht hat, mit ſeinem Schiff unter Segel,
66 352 847 404 um nach England zu retourniren. Br. Jens Haven
67 395 842 464 u. mehrere Brr: begleiteten ihn bis an die äuſſerſten
123 450 832 511 Jnſeln, u. kamen d. 28ten wieder bey uns an. Am
69 492 829 559 27ten hatten wir die erſte Liturgie in Nain, u. am
64 537 838 608 29ten beteten wir hier zum erſtenmal die Kirchen-Li-
64 589 816 657 taney. An lezterm Tage beſuchten uns auch die
71 639 849 705 erſten Arbitokker, welche etwa eine Tage-Reiſe
71 691 811 750 von Nain nach Süden zu, wohnen. Es waren 3
75 733 863 793 Man̅sleute in ihren Kajaken. Die Brr. ſagten
79 780 858 852 ihnen den Zweck unſres Hierſeyns, u. daß ihr Schöpfer
65 839 845 892 Menſch geworden, u. aus Liebe für ſie geſtorben ſey;
67 877 859 940 worauf einer erwiederte: Es iſt kein Wunder, daß
87 924 846 994 Er mich lieb hat, den̅ ich habe keinen Europäer tod ge-
71 983 847 1044 ſchlagen! Sie fuhren in Friede wieder weg. Heute
80 1021 846 1089 fingen wir an unſre Nachtwache zu halten; jeder
63 1065 821 1130 Br. hat eine Stunde zu wachen. Am 5ten Octbr
72 1114 837 1182 hatten wir hier zum erſtenmal das heil. Abdmhl, u.
89 1162 859 1238 Br. Drachart hielt dabey die Liturgie. D. 7ten kam
84 1215 876 1276 Tugluina mit ſeiner Frau Mikak u. noch einem
81 1267 878 1331 Europäischen Boote auf unſerm Lande an. Der Mikak
75 1310 851 1390 wurden die Praeſente, die ihr von London mit uns
726 1369 859 1406 waren
