1000 1609
181 85 255 134 458.
209 160 929 240 u. kam nach ſehr herzl.em Abſchied mit ſeinen Kirch⸗Kindern
197 224 878 288 nach London, um ganz bey unter den Brrn. zu wohnen.
220 277 720 327 Seinen Kirch⸗Kindern ſchrieb er:
220 311 921 377 "Daß ich mein Kirchſpielverlaſſe, geſchieht nicht aus
201 361 913 425 Unzufriedenheit, oder aus weltl.en Abſichten. Auch
198 410 926 472 bin ich nicht durch Ueberredung andrer Leute, ohne ſelbſt
201 461 924 526 gegründete Urſachen zu haben; blindlings dazu ver⸗
195 507 927 573 leitet worden. Ihr kön̅t aber ſicher glauben, daß dieſe
198 551 923 618 Urſachen nicht in einer Misbilligung des Gottesdienſtes der
199 599 903 667 Engl.en Kirche beſtehen. Ich tadle gar nichts an dem öffentl.en
195 652 914 711 Kirchen⸗Gebet⸗Buch. Haltet mich nicht /: ich bitte euch :/
194 705 924 761 für einen Menschen, der eine Geſellschaft Chriſten ver⸗
194 746 917 803 achtet u. verläßt, u. zu einer andern übergeht, blos
191 785 916 852 aus einem unter den Menſchen, leider! zu gewöhnl.en
194 836 914 901 Secten⸗Geiſt, ſondern glaubt vielmehr, daß ich nichts
193 886 908 948 suche als die Beſſerung u. das Heil meiner eignen Seele
188 935 908 994 in dem Evangelio u. der Gnade Jeſu Chriſti. Die
186 979 914 1043 Wirkung Seines theuren Blutes möchte ich mehr empfin⸗
186 1030 917 1095 den, u. mich Ihm ganz hingeben. Das iſt in Wahrheit
182 1080 917 1137 mein einziges Ziel, u. ich wünſche nicht, daß irgend
187 1128 915 1183 jemand dadurch beleidigt würde. Mein Abſchieds⸗
186 1170 915 1238 Gebet ist daher, daß ich der Gnade des l. Hlds. treu
185 1229 904 1286 u. Sein wahrer Diener da ſeyn möge, wohin ich
190 1272 905 1328 gehe, u. daß ihr auch ſo erfunden werden möget an
185 1313 914 1382 dem Orte, wo ihr bleibet; ſo werden wir uns dareinſt
765 1364 896 1418 zuſam̅en
