1000 1609
73 163 762 225 In seinem lezten Briefe vom 28ten Jul. 1771, schreibt er:
75 214 823 265 "Mein lezter Brief war die Arbeit einiger Tage, unter
66 264 809 319 mehr Beschwerlichkeit u. Schmerzen, als irgend jemand den⸗
74 302 804 364 ken wird. Den̅ ich beklage mich nicht gerne. Was die
71 346 819 412 bevorstehende Conferenz zu Lindeyhouse betrift, so sind
67 398 797 460 die Wünsche meines Herzens mit den eurigen für die
70 446 812 505 Wohlfahrt u. den Segen aller unsrer Gem.en zärtl. ver⸗
73 491 808 553 einigt, u. werden es im̅er bleiben. Unser treuester
63 539 805 604 Freund u. gekreuzigtes Haupt beken̅e sich zu Seinem
70 581 811 649 auserwehlten Volke, u. stehe ihm in allen Umständen bey.
70 639 779 696 Er unterstüze Seine l. Diener, die die allgemeine
67 676 805 745 Aussicht über Sein Haus haben, mit Rath, Verstand
70 728 815 792 u. Kraft, daß sie zu ihrem Troste sehen mögen, daß
76 783 700 839 Seine mächtige Hand überall Raum macht.
66 820 807 884 Meine Gesundheit anlangend, kan ich allem menschl.en
69 868 816 933 Ansehen nach, nicht anders denken, als, daß ich dem
73 918 818 980 Ende meines Lebens zieml. mehr bin, u. mein bestän⸗
73 961 794 1032 diges Seufzen zu Ihm ist: Lieber HErr! Wasche
70 1019 798 1074 mich deinen Sünder in deinem Blute, u. bleibe mir
77 1059 788 1125 aus Gnaden nahe, besonders bey meinem Ende.⸗
73 1106 842 1170 Es ist wahr, wie ihr gehört habt, daß ich das leztemal
69 1162 813 1219 das heil. Abdmhl. gehalten habe; so bin ich auch lezten
74 1221 830 1271 Son̅tag aus gewesen. Ich habe mich zwar über meine
75 1260 814 1322 Kräfte angegriffen, weil ich glaube, daß es in vielerl.
72 1308 857 1395 Absicht gut seyn mag, wen̅ ich fortfahre, etwas weniges
745 1374 815 1418 in
767 78 840 134 469.
