1000 1609
157 78 237 124 184.
171 152 940 215 ſelbſt gebaut, aber lange nicht ſo niedrig, wie ihn die
166 205 933 265 Grönländer in ihren Häuſern machen. Die Fenſter
167 255 940 311 haben ſie mit Darm-Fellen beſezt. Zu dieſer Familie
167 302 939 362 gehören 7 Perſonen, neml. ein Man̅ Manuina, ſeine
157 353 941 408 2 Weiber, die leible Schwn. ſind, 2 Söhne, eine Tochter
161 399 940 461 u. des Man̅es Schweſter. Gegen Abend kam aus der
151 449 932 512 Norder-Fiorte ein Boot mit 3 Familien. Sie ſezten
163 498 941 556 ihre Zelte hier auf. Jn den folgenden Tagen fingen
161 553 944 606 die Brr. Drachart u. Schneider an, auſſer dem tägl.n
161 596 937 654 Beſuch, gleichſam einen Morgen- u. Abend-Segen für
156 646 939 704 die Esquimaux auf unſerm Lande zu halten. Sie wa-
152 692 939 754 ren alle ſehr begierig Verſe zu lernen. D. 9ten hatten
154 746 933 798 wir in unſerm Hauſe recht vielen Beſuch von ihnen,
156 785 931 843 inſonderheit von den Weibsleuten, die ſehr freundl.
154 842 932 895 u. zuthul. gegen unſre Schwn. thaten. D. 12ten kam
175 888 944 940 Keminguje mit ſeiner Familie hier an. Er iſt einer
161 927 944 993 der berühmteſten Angekoks, u. es iſt ſchon in unſerm
155 980 940 1044 vorjährigen Diario ſeiner erwähnt worden. Er iſt von
151 1031 945 1086 einer viel polirtern, u. auch von einer viel munterern
168 1071 932 1137 Art, als ſonſt die Esquimaux ſind. Nachdem er
167 1123 938 1189 ſich eine Stunde hier aufgehalten, fuhr er wieder fort.
177 1171 937 1234 Am 13ten Nov. hatten wir frühe einen Feſt-Morgen-
166 1221 947 1274 Segen, Nachmitt. das Anbeten in 2 Abtheilungen, Abends
165 1267 942 1331 um 6 ein Lmahl, u. um 8 den Lobe-Kelch. D. 14ten beklagte
167 1314 917 1404 ſich Manuina, daß ſein Proviant zu Ende ginge, u.
848 1365 917 1410 bat
