1000 1609
771 75 847 117 187.
74 141 838 221 Schnee, u. die Kälte nahm ſo ab, daß es wieder 13 Grad
54 210 837 269 über 0 war. Am 6ten hatten wir Abends die Liturgie
57 256 830 318 zum Haupt voll Blut u. Wunden p zum erſtenmal in
53 304 845 373 in Engliſcher-Sprache. Wir werden ſie künftig, ſo wie auch
59 352 813 418 unſre übrige Haus-Verſam̅l.en, wechſelweiſe teutſch u.
58 400 830 471 engliſch haben. Weil unſer Hafen voll Eis lag, ſo fuhr
66 455 822 513 Manuina d. 9ten mit ſeinem Schlitten, vor welchem 3
62 504 845 563 Hunde geſpan̅t waren, nach der Südſeite von unſerm
64 554 813 612 Lande, beynahe eine teutſche Meile von hier. Es geht
60 596 854 665 mit dieſem Fahren ſehr ſchnell, wiewol ihre Schlitten
74 644 836 707 8 Ellen lang, 5/4 breit u. zieml. maſsiv gemacht ſind.
62 692 842 763 Unſre Brr. haben dieſe Tage Schnee Schuhe machen
62 746 828 807 müſſen, weil der Schnee ſehr tief lag, u. man zu-
59 793 837 849 weilen bis mitten an den Leib [durchgestrichen: f] hinein fiel. Wir
66 831 850 899 ſind recht dankbar, daß hier zu Lande kein Mangel
74 888 831 945 an Holz iſt. Die Esquimo-Kleidung kom̅t uns bey
68 932 873 995 der Kälte gut zu ſtatten, nur fehlt es uns an Fellen
65 982 841 1044 zu Stiefeln, u. wen̅ man drauſſen iſt, ſo werden
59 1029 864 1090 einem die Europäiſchen Stiefeln an den Beinen ſo hart
59 1078 859 1137 wie Stein. D. 12ten kam des Manuina ſeiner beyden
72 1128 815 1187 Frauen Br. in ſeinem Schlitten ganz allein hier an.
76 1173 864 1237 Abends hielt Br. Schneider wie gewöhnl. eine Gelegen-
76 1225 857 1285 heit für unſre Nachbarn, in welcher er auch den Frem-
69 1271 849 1341 den den l. Hld. anprieß. Da er anfing zu ſingen, ſo
77 1319 837 1398 ſtim̅ten die bey uns wohnenden Esquimaux mit ein.
747 1369 816 1420 Der
