1000 1608
190 88 273 129 450.
210 148 936 215 Gelegenheit des erbaul.en Abschiedes ſeines Vaters,
210 208 941 265 dabey er zugegen war, bey ihm eine tiefe Beküm̅er⸗
200 259 931 310 niß um ſeine Seligkeit entſtand. Er wurde ein
213 299 938 362 ganz andrer Menſch, entſagte durch Selbſt⸗Verleug⸗
181 350 932 409 nung dem Vergnügen, das er bisher in den weltl.en
210 396 932 464 Gedichten gefunden hatte u. fiel in eine anhaltende
212 452 932 515 Schwermuth. Da er vorher lebhaft, geſchäftig u.
201 508 915 557 munter geweſen, ſo wurde er nun das gerade
216 548 931 610 Gegentheil davon, kaltſin̅ig, niedergeſchlagen u.
199 599 935 649 ein wahrer Einsiedler. Unter ſeinen Papieren
199 639 932 706 befindet ſich ein feyerl.es Gelübde vom Jahr 1728,
204 691 928 751 darin̅ er ſich dem l. GOtt übergab, welches er ſei⸗
198 739 914 795 nen erneuerten Taufbund nan̅te. Im Merz 1730.
195 784 926 841 wurde er zuerſt mit dem HEn. Charles Wesley,
205 832 907 888 der in demſelben Collegio mit ihm war, u. hernach
207 878 913 938 auch mit den übrigen ernstren Studenten zu Oxford,
196 927 940 987 welche damals Methodiſten genan̅t wurden, bekan̅t,
198 974 929 1030 u. beobachtete alle Methoden derſelben, in Einrichtung
202 1017 936 1081 der Zeit ihrer Studien, in der Selbſtprüfung und
209 1070 937 1130 Führung der Tage⸗Bücher, in Gottes dienſtl.en Pflichten,
201 1120 929 1175 u. öfterem Gebrauch des heil. Abdmhls., im Faſten,
199 1163 932 1223 in geiſtlen Betrachtungen, ingl.en sich zu ſam̅len,
207 1223 938 1270 ſeinen Begierden abzuſterben; die Gefangenen,
201 1256 938 1316 Kranken, Armen zu beſuchen, arme Kinder zu unter⸗
196 1305 934 1365 richten, u. auf mancherl. andre Weise, den Bedürftigen,
847 1356 908 1425 geiſtl⸗
