1000 1609
76 150 822 221 zu Broadoaks, ohnweit Saffron Waldon hatten, zu dienen.
84 211 821 270 Er ſchreibt davon in einem Briefe an einen ſeiner Freunde:
79 261 791 315 Seine ehemal.e große Liebe zur Einſamkeit u. zum
75 308 826 362 philoſophischen Nachdenken, hätte ihn zum Umgang mit
73 356 826 415 kleinen Kindern nicht ſonderl. tüchtig zu machen geſchienen.
81 404 797 459 Er habe ehedem auch manchmal mit Kindern zu thun
73 453 827 513 gehabt, u. gewünſcht, ihnen ſo viel mögl. nüzl. zu ſeyn;
74 500 810 554 es ſey ihm aber im̅er unangenehm u. ſchwer geworden.
72 540 811 601 Nun kön̅e er aber mit Wahrheit ſagen, daß er in sei⸗
74 595 815 650 ner jezigen Situation, da er in ſeinem Umgang mit
74 637 822 699 den Kindern gleichſam ſelbſt ein Kind ſey, viel ver⸗
74 692 798 744 gnügter wäre, als irgend jemals vorher, da er ſeine
75 735 811 791 Stunden mit Speculationen, u. bey ſeinen Büchern
69 783 819 842 zugebracht. Er habe gleich Anfangs den Hld. gebeten, ihm
68 832 805 889 ein neues Herz, einen neuen Sin̅ u. Neigung, u.
74 876 827 939 alles das zu ſchenken, was ihm zu ſeinem künftigen
77 917 812 988 Beruf nöthig ſeyn würde. Die ihm aus Gnaden ge⸗
71 971 805 1032 ſchenkte Liebe zum Hld., der ihn aus der Finſterniß
69 1020 823 1080 u. Unruhe in das Licht u. den Frieden verſezt, dem
76 1069 805 1128 er daher gern dankbar ſeyn, u. irgend etwas, groß
76 1110 831 1174 oder klein, thun wolte, um des willen er auch in dieſes
77 1169 808 1229 Geſchäfte hineingegangen, ſey allein im Stand ge⸗
66 1223 505 1271 weſen, ihn so zu verändern.
91 1261 829 1318 Am 31ten Octbr 1742 wurde er in die Gem aufgenom⸗
79 1306 840 1391 men, u. ging am 13ten Nov. deſſelben Jahrs zum erſtenmal
735 1358 796 1407 mit
764 82 838 129 461.
