1000 1609
177 86 250 130 464.
202 155 930 222 unser sel. Br. Gambold in einer Conferenz der Arbeiter
201 211 921 274 unsrer engl.en Gem.en zu einem Bischof der Brr.⸗Kirche
195 265 912 319 erwählt, u. am 14ten Nov. desselben Jahres eingesegnet.
196 310 904 365 Aber mit welchem Zittern nahm er diese Wahl an?
192 351 914 412 Mit welcher Demuth hat er diese Stelle bekleidet?
197 397 910 463 Man wurde keine Spur von Vermessenheit an ihm gewahr,
192 450 919 505 noch die geringste Spur eines herrschsüchtigen Geistes;
193 497 915 552 er glaubte nicht, durch das erhaltene Amt berechtigt
190 551 915 607 zu seyn, sich über andre zu erheben, u. sein ganzer
185 599 923 657 Gang war so beschaffen, daß die allereifrigsten Feinde
165 640 907 698 der bischöfl.en Würde bey ihm keinen Anlaß fanden,
190 686 914 745 ihre Critiquen über dieses Amt anzubringen, u. das
194 735 915 794 Amt selbst, in seinen Händen um desto weniger
183 778 904 838 verdächtig wurde, da man kaum gewahr wurde, daß
190 827 913 890 er Bischof war. Weil er das Amt nicht anders
195 873 916 935 annehmen wolte, als blos aus Gehorsam gegen seine
189 922 916 986 Brr.; so hatte er auch dabey keine andre Absicht, als
186 973 920 1033 gelegentl. die ununterbrochenen Nachfolge in der Or⸗
148 1020 911 1080 dination, im Fall der Noth zu unterhalten, u. man
181 1068 915 1136 kan in Wahrheit sagen, daß solche Bischöfe wie er
178 1132 906 1179 war, einer Kirche zur Ehre gereichen, ja gar zum
172 1164 905 1230 Muster in dem besten Theil der ersten Jahrhundert,
186 1215 917 1273 gedient, u. vielleicht den größten Theil derer von den
160 1259 903 1324 folgenden Jahrhunderten, weit übertroffen haben wür⸗
186 1310 892 1389 den; wen̅ anders Uneigennützigkeit jeder Art,
782 1352 904 1405 Demuth,
