1000 1609
237 148 506 222 No: V.
85 210 779 273 Beylage zur 18ten Woche 1773.
78 260 813 330 Enthaltend folgende Extracte aus eingelaufenen
271 306 490 368 Nachrichten.
232 347 593 418 I.) Perſonalia.
71 388 832 467 1. Unſers am 13ten Septbr 1771. zu Haverford⸗
71 454 834 522 west heimgegangenen ehrwürdigen u. l. Bruders
268 498 602 568 John Gambold.
92 546 822 608 Er war d. 10ten April alten Styls 1711 zu Punche⸗
75 592 820 655 ſtone in der Grafschaft Pembroke in South⸗Wales
75 641 813 707 geboren. Sein Vater war ein gottesfürchtiger Prediger
80 689 813 762 der Engl.en Kirche, u. hatte die Gnade, Jeſum Chriſtum lieb
67 740 814 803 zu haben. Er erzog ſeine Kinder mit möglichſter Sorg⸗
71 788 829 848 falt u. Angelegenheit, u. ſuchte ihnen die ächten Grund⸗
75 834 822 892 Lehren der Gottſeligkeit einzuflößen. Unſer ſel.
80 885 832 943 Br. genoß vorzügl. die Pflege u. den Unterricht ſeines
59 932 820 992 Vaters, bis er im Jahr 1726 nach Oxford ging, wo
66 976 781 1034 er im Collegio der Kirche Chriſti, Student wurde
77 1016 791 1086 /: Servitor in Christ⸗Church⸗Colledge :/ u. ſich
70 1067 813 1130 durch ſeinen leſebegierigen Fleiß vor andern aus⸗
71 1114 829 1176 zeichnete. Er hatte von Natur eine ſehr lebhafte u. ge⸗
68 1169 838 1229 schäftige Art, u. die Zeit, welche ihm die Vorleſungen
67 1223 797 1272 übrig ließen, verbrachte er mit dem Leſen von
74 1257 837 1323 Gedichten u. Schauſpielen, wozu er damals eine ſehr
75 1304 797 1382 ſtarke Neigung hatte, bis im Jahr 1728 bey
614 1356 818 1439 Gelegenheit
757 87 824 135 449.
