1000 1642
320 90 832 175 Diaspora im Vogtland,
205 97 287 160 226.
249 175 941 239 u.ſ.w. Einige der Versam̅leten dankten
243 230 933 292 Gott mit aufgehabenen Händen für den
242 287 924 346 erhaltenen Troſt in dieſer gegenwär⸗
242 340 921 405 tigen betrübten Zeit; u. auch ich meiner⸗
245 389 947 455 ſeits dankte dem Hld, daß er mich würdigte,
246 450 932 512 dieſen geiſt⸗ u. leiblich hungrigen Seelen
241 498 949 567 Worte des Troſtes zu ſagen. Möchten die⸗
244 559 929 623 ſelben in ihnen bleibende Frucht zu ihrer
241 611 942 679 Seligkeit bringen! Drey Perſonen, deren
240 667 903 731 Angehörige ſchon zu den Geſchwiſtern
243 718 930 785 gehören, baten ſichs aus, die Versam̅lun⸗
245 774 880 840 gen künftig im̅er beſuchen zu dürfen.
278 823 943 900 Jn dem Schönburgiſchen Städtchen Burg⸗
247 887 890 947 stadt fand ich den Kaufman̅ Schiffner,
239 935 932 1005 welcher ein Liebhaber des Hlds u. ein thä⸗
239 997 922 1063 tiger Unterſtüzer der Armen geweſen,
239 1056 936 1117 nicht mehr am Leben. Er war vor einigen
238 1103 925 1169 Wochen in der Kirche während des Geſangs
241 1157 898 1219 durch einen Steckfluß ſelig vollendet,
239 1213 833 1278 u. todt nach Hauſe gebracht worden.
287 1267 887 1331 Bey meinem Aufenthalt in Gera
239 1321 928 1390 baten 3 Perſonen um Erlaubniß, die Ver⸗
843 1369 924 1430 ſam⸗
