1000 1640
86 99 668 185 Erzgebürge, Franken p. 1805.
699 121 774 172 215.
37 184 700 258 ſorgt jezt einen für Katholicken be⸗
34 236 715 308 stim̅ten Druck des Neuen Teſtaments,
34 293 680 363 welcher um einen ſehr billigen Preis
36 344 714 416 verkauft werden ſoll. Auch ein ande⸗
36 402 705 470 rer Kloſter⸗Geiſtlicher hat ſchon ver⸗
37 454 699 529 ſchiedene kleine erbauliche Schriften
36 512 711 576 drucken laßen, die derſelbe theils ver⸗
38 561 716 642 ſchenkt, theils wohlfeil verkauft. Jch habe
36 615 714 689 in Regensburg überhaupt mit 34 Per⸗
39 673 722 744 ſonen Bekan̅tſchaft gemacht. Auch machte
39 729 705 798 ich von da aus eine Reiſe nach Landshut,
40 784 707 850 wo ich Gelegenheit hatte, den bekanten
42 833 703 901 HE. Doctor Sailer ken̅en zu lernen. Da
43 894 723 959 ich ihn nicht gleich zu Hauſe antraf, ſo war⸗
42 940 728 1010 tete ich ſeiner bey einem andern Profeſ⸗
44 998 674 1066 ſor, wo ſich gerade einige Studenten
41 1049 724 1125 zum Abendeſſen versam̅leten. Mit die⸗
44 1105 727 1175 ſen kam ich bald ins Geſpräch über man⸗
44 1157 711 1232 cherley religiöſe Gegenſtände. Als ich
45 1210 724 1281 mich hernach bey dem Profeſſor entſchul⸗
49 1271 701 1339 digte, daß ich ſo freymüthig geſprochen
51 1325 739 1398 habe, ſagte er: Sie haben mir eine große
662 1375 734 1424 Freu⸗
