1000 1640
91 110 641 192 Erzgebürge, Franken p. 1805.
694 116 783 170 223.
44 184 703 251 Doctor ſeit einiger Zeit erwekt, u.
37 238 719 303 mit ihm bekant worden ſey, u. daß der⸗
40 296 689 360 ſelbe nach meinem Beſuch verlange.
41 346 723 414 Jch fand an demſelben einen Man̅, wel⸗
37 399 699 471 cher Ruhe für ſeine Seele ſucht, dabey
39 458 711 522 aber über mancherley in Abſicht auf
39 513 731 579 den gegenwärtigen Religionszuſtand
36 565 702 642 Scrupel hat; weshalb er mich erſuchte,
41 620 705 692 ihm über einige ſolcher Gegenſtände
41 674 726 743 meine Meinung mitzutheilen. So fragte
42 731 707 796 er z. B. ob man bey den Jrrlehren, die
45 784 740 857 jezt in der Kirche gelehret würden, nicht
43 840 721 908 beßer thäte, man ginge gar nicht in die
40 890 714 962 Kirche? Jch antwortete: Wen̅ auch nicht
46 944 729 1018 das Evangelium gepredigt wird, ſo wer⸗
46 999 704 1071 den doch noch ſchöne Lieder geſungen, u.
45 1048 731 1122 der Text aus der Bibel, auch die alten Ge⸗
45 1108 718 1173 bete geleſen, in denen der Name Jeſu
49 1161 734 1223 angerufen wird. Perſonen, welche durch
48 1209 753 1282 die Gnade des Geiſtes Gottes eine beßere
51 1266 717 1339 Erkentniß haben, kön̅en hernach für ſich
53 1320 721 1394 zu Hauſe noch etwas erbauliches leſen,
673 1362 708 1407 u.
