<?xml version="1.0" encoding="utf-8"?>
<pc:PcGts xmlns:pc="http://schema.primaresearch.org/PAGE/gts/pagecontent/2019-07-15" xmlns:xsi="http://www.w3.org/2001/XMLSchema-instance" xsi:schemaLocation="http://schema.primaresearch.org/PAGE/gts/pagecontent/2019-07-15 http://schema.primaresearch.org/PAGE/gts/pagecontent/2019-07-15/pagecontent.xsd" pcGtsId="GT-OCR-GN_1806_1__GN.A.351__180_20bfa">
  <pc:Metadata externalRef="https://images.iiif.slub-dresden.de/iiif/2/data%2Fkitodo%2FNachaudeB_1745047107_1806_1%2FNachaudeB_1745047107_1806_1_tif%2Fjpegs%2F00000181.tif.medium.jpg/full/full/0/default.jpg">
    <pc:Creator>escriptorium</pc:Creator>
    <pc:Created>2024-01-26T14:55:56.704369Z</pc:Created>
    <pc:LastChange>2024-01-26T14:55:56.704381Z</pc:LastChange>
    <pc:MetadataItem type="processingStep" name="recognition/post-correction" value="ocrd-cor-asv-ann-join">
      <pc:Labels externalModel="ocrd-tool" externalId="parameters">
        <pc:Label value="False" type="add-filegrp-comments"/>
      </pc:Labels>
      <pc:Labels externalModel="ocrd-tool" externalId="version">
        <pc:Label value="0.1.14" type="ocrd-cor-asv-ann-join"/>
        <pc:Label value="2.60.2.dev0+gac1f15b3.d20240125" type="ocrd/core"/>
      </pc:Labels>
    </pc:MetadataItem>
  </pc:Metadata>
  <pc:Page imageFilename="180_20bfa_default.jpg" imageWidth="1000" imageHeight="1640">
    <pc:TextRegion id="eSc_textblock_ffd65fac" custom="structure {type:text;}">
      <pc:Coords points="239,80 280,102 567,109 599,123 597,142 654,142 705,109 755,109 770,123 770,152 726,171 744,199 719,280 741,604 722,739 741,900 733,1103 748,1162 741,1380 730,1398 687,1402 603,1376 65,1380 54,1369 40,215 163,178 178,159 182,102 206,80"/>
      <pc:TextLine id="eSc_line_5e9458ff" custom="structure {type:default;}">
        <pc:Coords points="186,153 186,163 416,164 417,164 455,159 456,159 494,164 494,164 572,156 572,148 570,125 546,125 543,123 522,109 521,109 520,109 487,107 486,107 485,107 484,107 467,119 458,126 437,126 428,119 427,119 426,119 425,119 408,123 392,116 391,116 391,116 347,126 312,112 311,112 310,112 309,112 279,121 260,108 252,102 251,102 250,102 249,102 185,103 186,153"/>
        <pc:Baseline points="186,153 572,148"/>
        <pc:TextEquiv index="0">
          <pc:Unicode>Gemeinen. 1805.</pc:Unicode>
        </pc:TextEquiv>
      </pc:TextLine>
      <pc:TextLine id="eSc_line_e9567516" custom="structure {type:default;}">
        <pc:Coords points="756,113 744,109 699,110 688,118 690,146 690,161 772,154 772,142 768,109 756,109 756,113"/>
        <pc:Baseline points="691,147 773,143"/>
        <pc:TextEquiv index="0">
          <pc:Unicode>177.</pc:Unicode>
        </pc:TextEquiv>
      </pc:TextLine>
      <pc:TextLine id="eSc_line_3c11e80c" custom="structure {type:default;}">
        <pc:Coords points="61,207 52,210 43,213 44,229 44,246 92,242 100,246 106,250 107,250 108,250 109,251 128,251 128,250 154,246 154,246 155,246 156,246 164,238 213,237 240,244 245,245 246,245 247,245 247,245 248,244 262,236 297,236 308,243 311,246 312,246 313,246 314,246 329,246 329,246 329,246 337,243 354,235 385,242 391,243 392,243 399,242 417,237 425,241 429,243 430,243 431,243 432,243 432,243 434,241 443,234 452,239 453,239 453,239 454,239 455,239 456,239 467,232 497,238 498,238 499,238 518,232 532,240 533,240 534,240 535,240 536,240 537,239 559,231 596,238 600,239 601,239 669,238 670,238 670,238 671,237 681,231 720,236 721,215 719,178 697,176 696,176 695,176 687,179 675,183 665,180 654,177 653,177 652,177 651,177 650,177 645,181 625,194 593,194 577,194 561,184 558,183 557,183 556,183 556,183 555,183 546,185 543,185 541,185 509,179 508,179 507,179 506,179 493,187 479,195 463,189 445,182 444,182 443,182 443,182 442,182 429,190 415,199 397,199 388,192 375,183 374,183 373,183 340,183 339,183 338,183 337,183 317,195 308,200 299,195 278,184 277,184 276,184 215,185 214,185 213,185 195,200 192,203 165,202 131,200 130,200 69,205 61,207"/>
        <pc:Baseline points="44,229 721,215"/>
        <pc:TextEquiv index="0">
          <pc:Unicode>von ziemlich entfernten Orten. Es be⸗</pc:Unicode>
        </pc:TextEquiv>
      </pc:TextLine>
      <pc:TextLine id="eSc_line_a9a0edfa" custom="structure {type:default;}">
        <pc:Coords points="40,280 41,285 41,300 76,294 112,294 135,299 146,301 147,301 172,300 173,300 177,297 189,292 281,295 309,296 310,296 320,294 340,290 378,292 391,293 392,293 393,293 394,293 394,292 395,292 401,287 442,291 466,293 467,293 468,293 469,293 474,290 483,285 524,288 536,289 536,289 537,289 538,289 539,288 544,284 556,287 565,290 566,290 567,290 597,289 598,289 605,287 610,283 617,286 621,288 622,288 623,288 681,284 681,268 679,233 653,233 652,233 651,233 650,233 650,234 649,234 637,246 613,235 610,235 609,235 589,235 588,235 587,235 579,237 536,251 505,251 494,241 489,237 488,237 487,237 471,237 470,237 469,237 468,237 461,243 447,253 394,255 354,255 335,248 315,242 314,242 313,242 312,242 311,242 298,250 287,257 247,257 239,253 222,244 221,244 220,244 219,244 202,250 194,245 193,245 192,245 191,245 157,246 156,246 155,246 144,256 129,246 128,246 127,246 126,246 125,246 103,258 91,247 90,247 89,247 76,247 75,247 74,247 42,260 40,280"/>
        <pc:Baseline points="41,285 681,268"/>
        <pc:TextEquiv index="0">
          <pc:Unicode>fand ſich darunter eine Geſellſchaft</pc:Unicode>
        </pc:TextEquiv>
      </pc:TextLine>
      <pc:TextLine id="eSc_line_e5f0bfde" custom="structure {type:default;}">
        <pc:Coords points="42,335 42,346 73,346 74,346 81,351 82,351 82,351 83,351 117,346 123,345 125,346 140,351 141,351 142,351 167,345 169,345 179,352 180,352 181,352 182,352 244,344 270,341 281,344 300,349 301,349 302,349 303,349 315,344 327,348 328,348 329,348 329,348 330,348 339,343 346,339 374,340 377,343 382,348 383,348 384,348 385,348 386,348 403,343 417,339 477,342 537,345 538,345 539,345 546,341 557,335 568,341 572,344 573,344 574,344 575,344 588,341 599,338 610,341 619,343 620,343 621,343 622,343 631,340 664,332 691,332 701,340 705,320 704,299 680,284 680,284 679,284 678,284 677,284 676,284 670,289 653,287 652,287 651,287 619,302 563,302 540,287 539,287 538,287 537,287 472,288 471,288 470,288 443,305 414,303 397,290 396,290 395,290 394,290 393,290 378,298 364,291 363,291 331,291 330,291 329,291 289,308 288,309 186,310 185,310 168,297 167,297 166,297 124,296 123,296 106,297 105,297 104,297 86,312 85,313 41,313 42,335"/>
        <pc:Baseline points="42,335 705,320"/>
        <pc:TextEquiv index="0">
          <pc:Unicode>aus Virginien, die einen Weg von 100.</pc:Unicode>
        </pc:TextEquiv>
      </pc:TextLine>
      <pc:TextLine id="eSc_line_053522c3" custom="structure {type:default;}">
        <pc:Coords points="45,383 45,408 97,408 98,408 99,408 100,407 119,394 137,406 139,407 140,407 141,407 142,408 155,408 155,407 156,407 157,407 160,405 175,395 204,402 205,402 206,402 206,402 237,392 249,399 250,399 251,399 252,399 280,394 302,399 319,404 320,404 321,404 364,403 365,403 381,397 381,397 405,399 406,399 407,399 415,395 418,394 426,395 457,399 458,399 459,399 475,393 490,388 525,388 536,391 555,397 556,397 556,397 557,397 575,389 582,387 593,389 635,397 636,397 637,397 638,397 651,387 655,385 710,385 710,372 708,353 697,353 680,338 679,338 678,338 677,338 639,340 638,340 637,340 619,354 568,354 545,344 544,344 543,344 542,344 521,352 496,351 484,342 484,342 483,342 462,342 461,342 460,342 459,342 443,356 376,358 348,358 323,344 322,344 321,344 276,345 275,345 274,345 264,353 255,346 254,346 253,346 229,346 228,346 227,346 226,346 211,355 196,348 195,348 195,348 194,348 154,362 136,362 123,351 123,351 122,351 70,348 69,348 68,348 67,348 44,361 45,383"/>
        <pc:Baseline points="45,383 710,372"/>
        <pc:TextEquiv index="0">
          <pc:Unicode>Engliſchen Meilen gereiſt war, um hie⸗</pc:Unicode>
        </pc:TextEquiv>
      </pc:TextLine>
      <pc:TextLine id="eSc_line_06016f32" custom="structure {type:default;}">
        <pc:Coords points="44,459 90,464 91,464 92,464 92,464 92,463 99,458 105,451 171,451 183,455 203,461 204,461 205,462 226,462 226,461 227,461 228,461 228,461 237,453 237,453 239,453 276,461 277,461 278,461 310,451 325,448 339,451 357,454 358,454 359,454 369,450 376,446 432,446 437,448 443,451 443,451 444,451 445,451 446,451 458,447 463,445 466,447 481,456 482,456 483,456 484,457 502,457 502,456 503,456 504,456 518,447 553,453 554,453 555,453 556,453 568,444 602,454 603,454 604,454 639,449 666,451 667,451 668,451 707,440 707,430 705,392 666,392 665,392 664,392 663,392 662,393 654,400 632,394 628,393 628,393 627,393 619,394 570,407 549,397 547,396 546,396 546,396 545,396 542,397 535,400 522,398 509,395 508,395 507,395 506,395 503,399 485,411 463,407 462,407 461,407 460,407 451,413 371,413 360,405 360,405 359,405 358,405 357,405 342,410 331,404 326,399 325,399 324,399 288,399 287,399 286,399 285,399 278,405 265,416 236,414 226,407 221,402 220,402 219,402 201,401 200,401 168,402 167,402 149,410 126,420 70,420 44,413 44,442 44,459"/>
        <pc:Baseline points="44,442 384,432 707,430"/>
        <pc:TextEquiv index="0">
          <pc:Unicode>ſigen Ort zu ſehen, u. dieſe Geſellſchaft</pc:Unicode>
        </pc:TextEquiv>
      </pc:TextLine>
      <pc:TextLine id="eSc_line_1dc40727" custom="structure {type:default;}">
        <pc:Coords points="44,497 44,508 148,508 159,514 160,514 161,514 162,514 163,514 182,505 183,504 207,504 209,504 230,512 231,512 232,512 270,504 278,510 278,510 279,510 280,510 319,508 320,508 339,502 340,502 359,510 360,510 360,510 361,510 362,510 372,502 380,509 381,509 381,509 382,509 426,508 427,508 428,508 440,499 441,499 455,499 617,503 618,503 618,503 636,495 670,502 670,502 715,492 716,481 712,449 675,464 621,464 603,453 599,451 598,451 597,451 597,451 569,451 568,451 562,454 542,466 525,456 521,454 520,454 479,453 478,453 427,455 426,455 415,461 397,471 346,471 316,464 282,458 281,458 280,458 263,467 261,468 259,467 247,459 246,459 245,459 244,459 231,460 230,460 211,469 200,474 192,470 185,465 184,465 183,465 182,465 181,465 180,465 172,471 164,474 158,471 137,461 136,461 135,461 134,461 134,461 121,472 117,476 109,473 103,471 102,471 101,471 43,475 44,497"/>
        <pc:Baseline points="44,497 716,481"/>
        <pc:TextEquiv index="0">
          <pc:Unicode>war beſonders vergnügt über alles was</pc:Unicode>
        </pc:TextEquiv>
      </pc:TextLine>
      <pc:TextLine id="eSc_line_e4a05bf8" custom="structure {type:default;}">
        <pc:Coords points="45,553 45,566 164,560 173,564 182,569 183,569 184,570 221,570 221,569 222,569 223,569 229,563 236,558 264,563 297,567 298,567 321,565 322,565 323,565 329,561 334,556 351,560 360,562 360,562 361,562 362,562 365,560 371,555 415,554 464,557 542,563 543,563 585,554 600,552 605,554 612,559 613,559 614,559 668,560 669,560 670,560 690,552 698,549 722,551 724,538 722,505 687,502 686,502 685,502 684,502 678,506 670,512 616,512 609,508 601,502 600,502 599,502 598,502 597,502 597,502 587,509 580,513 573,509 556,501 556,501 555,501 554,501 553,501 540,510 534,515 513,515 507,512 495,503 494,503 494,503 493,503 492,503 491,503 476,512 475,512 474,512 432,502 432,502 431,502 430,502 429,502 412,514 409,517 388,517 383,515 366,504 365,504 364,504 319,504 318,504 317,504 299,511 281,504 280,504 279,504 278,504 278,504 261,519 260,520 257,519 236,509 235,509 234,509 175,520 134,508 134,508 92,508 91,508 90,508 43,523 45,553"/>
        <pc:Baseline points="45,553 331,543 724,538"/>
        <pc:TextEquiv index="0">
          <pc:Unicode>ſie hier ſahe u. hörte. Bey der Gelegenheit</pc:Unicode>
        </pc:TextEquiv>
      </pc:TextLine>
      <pc:TextLine id="eSc_line_ecf9a563" custom="structure {type:default;}">
        <pc:Coords points="46,605 46,617 98,617 100,618 106,623 107,623 108,623 109,623 110,623 111,623 116,618 118,616 148,616 154,617 171,622 172,622 173,622 200,617 212,615 222,617 247,621 247,621 248,621 262,616 272,613 327,613 332,616 336,619 337,619 338,619 339,619 360,615 386,612 424,615 453,617 453,617 454,617 463,615 480,609 501,615 511,616 512,616 561,615 562,615 564,614 573,608 580,614 581,615 582,615 583,615 584,615 723,612 724,591 722,562 690,553 690,553 689,553 669,563 656,569 649,563 641,557 640,557 639,557 639,557 638,557 637,557 628,563 618,571 587,571 579,565 569,556 568,556 567,556 567,556 536,563 478,558 477,558 476,558 450,568 436,574 427,569 409,560 408,560 384,560 383,560 358,561 357,561 356,561 341,571 332,577 233,578 225,574 223,574 222,574 221,574 209,574 161,580 152,576 130,565 129,565 128,565 101,566 100,566 99,566 92,572 67,567 66,567 65,567 64,567 51,578 50,580 45,579 46,605"/>
        <pc:Baseline points="46,605 724,591"/>
        <pc:TextEquiv index="0">
          <pc:Unicode>bekamen wir auch die erſte Pflegetochter</pc:Unicode>
        </pc:TextEquiv>
      </pc:TextLine>
      <pc:TextLine id="eSc_line_eabc9181" custom="structure {type:default;}">
        <pc:Coords points="48,660 48,678 148,672 157,678 162,682 163,682 164,682 164,682 202,681 203,681 211,677 224,671 238,676 247,680 247,680 248,680 249,680 257,676 274,669 290,676 298,679 298,679 299,679 300,679 301,679 306,676 316,669 349,668 399,675 410,676 411,676 412,676 415,675 435,666 458,674 464,676 465,676 466,676 494,675 494,675 495,675 497,673 505,667 531,673 539,674 540,674 541,674 542,674 544,672 554,666 572,670 573,670 574,670 575,670 583,664 609,667 610,667 611,667 612,667 621,662 639,669 639,669 640,670 728,670 728,645 726,609 667,606 666,606 665,606 664,606 656,612 649,616 625,613 620,613 619,613 618,613 618,613 618,614 598,629 557,630 531,630 514,618 503,610 502,610 501,610 500,610 448,611 447,611 446,611 432,621 416,633 327,634 310,626 306,625 305,625 304,625 303,625 297,627 280,635 267,628 259,625 258,625 257,625 257,625 256,625 251,629 243,636 235,636 226,630 206,616 205,616 204,616 203,616 118,618 117,618 116,618 110,624 92,618 92,618 91,618 90,618 47,636 48,660"/>
        <pc:Baseline points="48,660 728,645"/>
        <pc:TextEquiv index="0">
          <pc:Unicode>aus Virginien für unſre Penſionſ⸗Mäd⸗</pc:Unicode>
        </pc:TextEquiv>
      </pc:TextLine>
      <pc:TextLine id="eSc_line_2140e04b" custom="structure {type:default;}">
        <pc:Coords points="49,713 49,738 63,738 63,738 64,738 87,726 121,733 122,733 123,733 123,733 135,724 155,724 170,734 171,734 172,734 173,734 174,734 175,734 192,723 340,725 341,725 369,720 401,731 402,731 402,731 403,731 450,718 488,725 489,725 490,725 505,719 517,729 518,729 519,729 520,729 522,729 581,724 608,727 609,727 610,727 611,727 620,719 649,727 649,727 650,727 715,726 715,700 712,679 675,679 674,679 656,665 655,665 654,665 634,663 633,663 632,663 631,663 608,680 607,682 473,684 471,683 448,666 447,666 446,666 429,666 428,666 427,666 411,671 381,667 380,667 379,667 378,667 361,681 342,670 341,670 304,669 303,669 302,669 274,681 242,674 241,674 240,674 226,681 208,671 207,671 206,671 206,671 180,686 163,672 162,672 161,672 143,672 142,672 141,672 100,686 81,677 80,677 79,677 78,677 77,677 62,689 60,691 48,690 49,713"/>
        <pc:Baseline points="49,713 715,700"/>
        <pc:TextEquiv index="0">
          <pc:Unicode>chen⸗Anſtalt. Alle bisherigen Zöglinge</pc:Unicode>
        </pc:TextEquiv>
      </pc:TextLine>
      <pc:TextLine id="eSc_line_fffcd705" custom="structure {type:default;}">
        <pc:Coords points="49,768 49,778 82,784 83,784 122,778 138,783 139,783 140,783 141,783 160,777 161,777 163,777 211,782 212,782 260,776 267,775 269,775 288,780 289,780 290,780 291,780 292,780 292,779 298,775 298,774 322,773 393,773 397,774 412,779 412,779 413,779 414,779 415,779 415,778 420,774 421,773 429,773 484,778 485,778 531,772 541,771 546,772 565,776 566,776 590,771 602,769 605,771 610,775 611,775 612,775 613,775 649,770 649,758 647,737 622,738 620,737 604,727 603,727 602,727 601,727 600,727 599,727 593,731 567,725 567,725 566,725 565,725 536,738 532,740 453,740 450,739 430,727 429,727 428,727 427,727 365,728 364,728 363,728 363,729 350,740 349,743 318,743 315,741 307,734 307,733 306,733 305,733 265,729 264,729 263,729 262,729 244,742 243,744 241,742 232,736 231,736 230,736 229,736 228,736 209,743 208,743 195,734 194,734 193,734 192,734 191,734 169,741 92,738 91,738 90,738 89,738 80,745 77,747 48,746 49,768"/>
        <pc:Baseline points="49,768 649,758"/>
        <pc:TextEquiv index="0">
          <pc:Unicode>waren nemlich aus Nordcarolina.</pc:Unicode>
        </pc:TextEquiv>
      </pc:TextLine>
      <pc:TextLine id="eSc_line_c87c44bf" custom="structure {type:default;}">
        <pc:Coords points="82,821 82,837 173,831 199,836 215,839 216,839 216,839 224,836 237,830 248,836 255,839 256,839 257,839 273,835 303,829 311,835 314,838 315,838 316,838 317,839 350,839 350,838 351,838 358,834 370,828 385,834 391,837 392,837 393,837 394,837 395,837 398,834 408,827 437,831 438,831 439,831 458,826 480,833 485,835 486,835 487,836 508,836 508,835 509,835 510,835 513,833 522,827 542,832 545,833 546,833 546,833 557,832 631,826 720,830 721,811 716,773 703,783 695,779 694,779 693,779 618,791 591,791 562,777 556,774 556,774 555,774 524,775 523,775 522,775 520,777 501,792 474,789 461,779 458,776 457,776 456,776 443,776 442,776 441,776 435,779 407,793 372,792 351,780 346,778 345,778 344,778 343,778 342,778 340,780 320,796 296,796 273,792 272,792 231,797 214,783 210,779 209,779 208,779 207,779 183,783 167,786 157,784 141,780 140,780 80,785 82,821"/>
        <pc:Baseline points="82,821 456,813 721,811"/>
        <pc:TextEquiv index="0">
          <pc:Unicode>Bey dieſen uns zur Erziehung anver⸗</pc:Unicode>
        </pc:TextEquiv>
      </pc:TextLine>
      <pc:TextLine id="eSc_line_78aa373f" custom="structure {type:default;}">
        <pc:Coords points="49,876 50,896 66,888 125,887 178,891 201,893 202,893 203,893 211,891 225,885 251,889 271,891 272,891 273,891 274,891 278,888 283,885 293,887 309,891 309,891 344,885 360,883 368,885 382,888 383,888 384,888 397,883 402,882 421,882 504,886 505,886 505,886 528,880 536,885 537,885 538,885 539,885 586,884 587,884 608,877 621,883 622,883 623,883 662,882 701,872 701,861 698,838 681,844 662,839 646,834 645,834 644,834 643,834 632,840 620,847 592,847 586,841 578,836 577,836 577,836 576,836 575,836 574,836 564,842 562,843 561,842 551,837 550,837 549,837 548,837 547,837 547,838 541,843 536,848 487,845 438,842 437,842 436,842 435,842 435,843 431,847 427,850 410,848 391,845 390,845 364,850 346,852 330,850 308,848 307,848 306,848 297,851 293,853 289,852 278,848 277,848 276,848 275,848 264,853 263,853 241,843 240,843 239,843 194,845 193,845 192,845 185,850 164,845 164,845 163,845 142,846 141,846 140,846 123,858 106,849 105,849 104,849 103,849 85,857 70,848 69,848 68,848 67,848 66,848 65,848 48,858 49,876"/>
        <pc:Baseline points="49,876 701,861"/>
        <pc:TextEquiv index="0">
          <pc:Unicode>trauten Penſionaires bemerkten wir</pc:Unicode>
        </pc:TextEquiv>
      </pc:TextLine>
      <pc:TextLine id="eSc_line_d327d018" custom="structure {type:default;}">
        <pc:Coords points="53,929 53,941 188,943 189,943 214,941 237,939 246,941 254,943 255,943 256,943 257,943 257,943 260,941 263,940 265,941 275,948 276,948 277,948 278,949 312,949 312,948 313,948 329,942 336,947 337,947 338,947 339,947 373,941 388,939 396,941 402,943 402,943 403,943 404,943 408,941 419,936 429,941 431,942 432,942 432,942 440,941 478,937 518,941 542,943 543,943 556,941 574,938 581,941 582,942 583,942 584,942 585,942 586,942 586,941 596,935 619,940 620,940 621,940 636,933 661,941 663,942 664,942 665,942 729,941 730,917 728,881 628,879 628,879 627,879 626,879 618,885 601,897 585,897 569,887 559,881 558,881 557,881 556,881 556,881 544,885 474,881 474,881 473,881 472,881 456,891 445,899 329,901 320,896 318,895 317,895 316,895 315,895 314,895 314,896 313,897 309,902 301,897 278,885 278,885 277,885 276,885 225,900 219,902 216,901 190,891 189,891 188,891 187,891 186,891 174,902 171,904 155,904 151,903 105,888 104,888 103,888 103,888 52,906 53,929"/>
        <pc:Baseline points="53,929 730,917"/>
        <pc:TextEquiv index="0">
          <pc:Unicode>mit vielem Vergnügen, daß ihnen die Ver⸗</pc:Unicode>
        </pc:TextEquiv>
      </pc:TextLine>
      <pc:TextLine id="eSc_line_1bc30cb1" custom="structure {type:default;}">
        <pc:Coords points="52,985 52,1002 124,997 132,1002 134,1004 134,1004 135,1004 136,1004 137,1004 141,1002 154,995 181,1001 189,1003 190,1003 191,1003 195,1001 210,994 263,1000 276,1001 277,1001 291,999 357,992 368,997 369,997 370,997 371,997 379,994 387,998 390,999 391,999 391,999 445,998 446,998 447,998 448,997 461,990 544,995 559,996 560,996 567,995 594,989 608,994 609,995 610,995 611,995 621,994 665,989 670,993 671,993 672,993 673,993 674,993 675,993 675,992 682,986 713,993 714,973 712,945 663,936 662,936 661,936 660,936 644,947 639,950 636,947 622,937 621,937 620,937 619,937 601,938 600,938 599,938 591,945 566,938 565,938 564,938 563,938 562,938 548,949 543,954 475,956 467,952 452,941 451,941 450,941 449,941 448,941 447,941 434,953 433,953 415,957 410,953 395,942 394,942 393,942 392,942 318,943 317,943 280,956 271,961 150,963 127,963 123,961 101,947 100,947 99,947 75,947 74,947 73,947 72,947 51,960 52,985"/>
        <pc:Baseline points="52,985 714,973"/>
        <pc:TextEquiv index="0">
          <pc:Unicode>ſam̅lungen in der Marterwoche beſon⸗</pc:Unicode>
        </pc:TextEquiv>
      </pc:TextLine>
      <pc:TextLine id="eSc_line_773a4124" custom="structure {type:default;}">
        <pc:Coords points="51,1041 51,1057 120,1050 173,1056 175,1056 175,1056 176,1056 205,1046 244,1046 258,1046 269,1055 271,1056 272,1056 273,1056 274,1056 313,1055 314,1055 317,1054 329,1047 344,1052 345,1052 346,1052 347,1052 365,1045 394,1053 395,1053 396,1053 397,1053 398,1053 399,1053 417,1043 458,1043 478,1051 482,1053 483,1053 484,1053 499,1051 550,1044 594,1049 604,1050 605,1050 606,1050 608,1049 630,1039 649,1039 660,1048 661,1049 662,1049 663,1049 664,1049 726,1046 726,1028 725,998 713,991 712,991 711,991 676,989 675,989 674,989 653,1001 637,991 636,991 635,991 634,991 633,991 591,1003 577,1006 567,1003 555,998 554,998 553,998 552,998 536,1004 525,1007 505,1004 478,1000 477,1000 476,1000 475,1000 469,1005 464,1009 449,1009 443,1005 425,994 424,994 423,994 397,994 396,994 395,994 394,994 377,1007 372,1011 278,1012 275,1010 259,997 258,997 257,997 257,997 202,998 201,998 200,998 193,1004 147,999 146,999 145,999 118,1014 115,1015 98,1015 96,1014 82,1004 81,1004 80,1004 79,1004 78,1004 77,1004 64,1014 62,1015 51,1015 51,1041"/>
        <pc:Baseline points="51,1041 726,1028"/>
        <pc:TextEquiv index="0">
          <pc:Unicode>ders lieb u. angenehm waren. Die Lei⸗</pc:Unicode>
        </pc:TextEquiv>
      </pc:TextLine>
      <pc:TextLine id="eSc_line_5ce690af" custom="structure {type:default;}">
        <pc:Coords points="54,1092 54,1103 93,1103 108,1113 109,1113 110,1113 111,1114 142,1114 142,1113 143,1113 160,1106 178,1110 179,1110 180,1110 181,1110 182,1110 182,1109 189,1103 214,1111 215,1111 216,1111 216,1111 240,1105 256,1110 257,1110 257,1110 258,1110 286,1098 287,1098 317,1099 335,1108 336,1108 337,1108 338,1108 368,1098 448,1107 449,1107 450,1107 493,1094 494,1094 497,1094 552,1102 553,1102 554,1102 580,1092 582,1092 614,1092 634,1102 635,1102 636,1103 658,1103 658,1102 659,1102 680,1090 713,1089 714,1078 712,1049 682,1040 681,1040 680,1040 680,1040 652,1049 635,1045 634,1045 633,1045 632,1045 612,1051 582,1041 581,1041 580,1041 533,1050 426,1045 425,1045 424,1045 406,1055 393,1062 293,1063 281,1056 270,1049 269,1049 268,1049 268,1049 267,1049 239,1056 198,1049 197,1049 196,1049 195,1049 186,1057 176,1066 153,1066 138,1058 136,1057 135,1057 134,1057 134,1057 130,1058 114,1064 99,1059 84,1055 83,1055 82,1055 52,1059 54,1092"/>
        <pc:Baseline points="54,1092 714,1078"/>
        <pc:TextEquiv index="0">
          <pc:Unicode>densgeſchichte unſers Heilands machte</pc:Unicode>
        </pc:TextEquiv>
      </pc:TextLine>
      <pc:TextLine id="eSc_line_dd543b8a" custom="structure {type:default;}">
        <pc:Coords points="55,1145 55,1157 175,1157 179,1158 204,1166 205,1166 206,1166 250,1164 251,1164 265,1158 269,1155 368,1155 377,1157 398,1162 399,1162 400,1162 401,1162 419,1157 430,1153 440,1157 453,1161 453,1161 454,1161 504,1160 505,1160 505,1160 511,1156 518,1150 536,1156 546,1159 547,1159 548,1159 584,1158 585,1158 586,1158 587,1156 593,1152 598,1156 604,1158 605,1158 606,1158 640,1158 641,1158 646,1156 658,1150 671,1156 672,1156 673,1156 674,1156 711,1155 711,1133 708,1112 670,1112 669,1112 661,1107 660,1107 659,1107 659,1107 631,1112 603,1098 602,1098 574,1098 573,1098 572,1098 542,1113 525,1100 524,1100 523,1100 507,1099 506,1099 484,1100 484,1100 483,1100 464,1116 464,1117 430,1117 429,1117 411,1101 410,1101 409,1101 408,1101 305,1103 304,1103 265,1113 234,1105 233,1105 232,1105 231,1105 230,1105 204,1121 202,1122 182,1122 181,1121 172,1114 171,1114 170,1114 169,1114 168,1114 144,1122 144,1122 142,1122 133,1118 132,1118 131,1118 54,1123 55,1145"/>
        <pc:Baseline points="55,1145 711,1133"/>
        <pc:TextEquiv index="0">
          <pc:Unicode>einen tiefen Eindruck auf ihre Herzen,</pc:Unicode>
        </pc:TextEquiv>
      </pc:TextLine>
      <pc:TextLine id="eSc_line_52b778b2" custom="structure {type:default;}">
        <pc:Coords points="58,1200 58,1216 95,1220 96,1220 97,1220 108,1215 113,1212 127,1215 136,1216 137,1216 138,1216 143,1214 151,1211 157,1214 170,1219 171,1219 172,1219 173,1219 174,1219 181,1213 185,1210 257,1209 262,1211 280,1219 281,1219 282,1219 283,1219 309,1210 316,1208 352,1208 363,1209 415,1217 416,1217 460,1207 468,1205 472,1207 489,1215 490,1215 491,1215 492,1215 515,1206 536,1214 536,1214 537,1214 651,1204 685,1211 686,1211 717,1210 718,1210 719,1210 731,1201 731,1187 727,1156 711,1168 645,1168 632,1159 631,1159 630,1159 598,1156 597,1156 523,1158 522,1158 511,1163 496,1170 476,1164 461,1159 460,1159 418,1159 417,1159 378,1164 377,1164 376,1164 370,1168 360,1173 341,1168 311,1162 310,1162 309,1162 290,1170 277,1177 187,1177 181,1174 168,1168 167,1168 166,1168 165,1168 154,1175 145,1178 57,1178 58,1200"/>
        <pc:Baseline points="58,1200 731,1187"/>
        <pc:TextEquiv index="0">
          <pc:Unicode>u. einige von ihnen ſagten, ſie hätten noch</pc:Unicode>
        </pc:TextEquiv>
      </pc:TextLine>
      <pc:TextLine id="eSc_line_30a28ccf" custom="structure {type:default;}">
        <pc:Coords points="57,1264 86,1270 87,1270 88,1270 106,1264 109,1262 164,1262 169,1263 204,1271 205,1271 206,1271 226,1265 247,1271 247,1271 248,1271 249,1271 285,1261 289,1260 295,1261 341,1270 342,1270 370,1266 371,1266 371,1266 371,1265 377,1260 378,1260 380,1260 402,1266 403,1266 404,1266 405,1266 422,1260 423,1260 425,1260 491,1268 492,1268 493,1268 494,1268 505,1259 508,1257 542,1257 545,1258 564,1267 565,1267 566,1267 632,1266 664,1259 685,1263 686,1263 687,1263 688,1263 697,1257 697,1243 695,1214 619,1208 618,1208 618,1208 617,1208 608,1216 606,1218 577,1224 563,1217 552,1210 551,1210 504,1209 503,1209 502,1209 474,1219 451,1227 422,1227 412,1219 408,1217 407,1217 406,1217 405,1217 385,1219 374,1211 373,1211 372,1211 371,1211 371,1211 359,1217 350,1211 350,1211 349,1211 311,1211 310,1211 309,1211 309,1211 309,1212 298,1222 298,1222 297,1222 259,1212 258,1212 257,1212 257,1212 256,1212 240,1223 229,1230 64,1231 57,1227 57,1252 57,1264"/>
        <pc:Baseline points="57,1252 697,1243"/>
        <pc:TextEquiv index="0">
          <pc:Unicode>nie eine ſolche Liebe zum Hld gefühlt</pc:Unicode>
        </pc:TextEquiv>
      </pc:TextLine>
      <pc:TextLine id="eSc_line_46be0f6a" custom="structure {type:default;}">
        <pc:Coords points="58,1305 58,1318 87,1318 100,1328 101,1328 102,1328 103,1328 161,1327 162,1327 163,1327 175,1317 177,1316 229,1316 233,1317 250,1324 251,1324 252,1324 253,1324 272,1317 281,1314 305,1317 329,1321 329,1321 355,1317 392,1312 415,1317 426,1320 427,1320 438,1317 448,1315 451,1317 456,1322 457,1322 458,1322 459,1322 487,1317 515,1313 520,1317 525,1321 525,1321 526,1321 527,1321 542,1317 560,1313 589,1317 608,1320 608,1320 646,1317 659,1316 659,1316 660,1316 670,1308 683,1317 683,1318 684,1318 685,1318 686,1318 725,1317 725,1294 721,1260 694,1276 666,1277 625,1264 617,1261 616,1261 615,1261 614,1261 613,1261 609,1264 593,1278 567,1266 559,1262 558,1262 557,1262 489,1264 488,1264 487,1264 481,1269 474,1274 469,1270 462,1264 461,1264 460,1264 459,1264 458,1264 457,1264 450,1270 435,1281 287,1282 275,1276 265,1270 264,1270 263,1270 225,1268 224,1268 223,1268 202,1279 195,1282 191,1279 183,1272 182,1272 181,1272 114,1270 113,1270 96,1271 95,1271 94,1271 73,1283 69,1286 57,1284 58,1305"/>
        <pc:Baseline points="58,1305 725,1294"/>
        <pc:TextEquiv index="0">
          <pc:Unicode>als jezt. Da ſie die deutſche Sprache noch</pc:Unicode>
        </pc:TextEquiv>
      </pc:TextLine>
      <pc:TextLine id="eSc_line_ca0e2db9" custom="structure {type:default;}">
        <pc:Coords points="61,1358 61,1374 74,1374 75,1374 88,1383 89,1383 90,1383 91,1383 92,1383 114,1373 116,1373 123,1373 227,1383 228,1383 278,1378 283,1382 284,1382 285,1382 286,1382 287,1382 314,1373 337,1382 338,1382 339,1382 340,1382 340,1382 340,1381 351,1371 381,1370 403,1378 404,1378 405,1378 406,1378 421,1372 451,1380 452,1380 453,1380 453,1380 494,1368 520,1368 528,1373 529,1373 530,1373 531,1373 532,1373 547,1367 573,1377 574,1377 575,1378 620,1378 620,1377 643,1373 663,1376 664,1376 665,1376 690,1363 732,1363 732,1347 731,1319 677,1310 676,1310 675,1310 649,1321 642,1323 638,1321 623,1311 622,1311 621,1311 620,1311 619,1311 597,1317 567,1312 567,1312 566,1312 538,1322 532,1326 507,1326 502,1323 481,1313 480,1313 479,1313 452,1316 451,1316 450,1316 439,1325 435,1328 386,1328 383,1326 369,1315 368,1315 367,1315 343,1315 342,1315 341,1315 340,1315 340,1316 327,1328 325,1330 298,1330 296,1329 283,1319 282,1319 281,1319 280,1319 253,1325 232,1317 231,1317 230,1317 154,1332 153,1332 130,1319 129,1319 128,1319 127,1319 102,1332 101,1333 60,1333 61,1358"/>
        <pc:Baseline points="61,1358 732,1347"/>
        <pc:TextEquiv index="0">
          <pc:Unicode>nicht verſtehen, ſo war ihnen die Geſchichte</pc:Unicode>
        </pc:TextEquiv>
      </pc:TextLine>
      <pc:TextLine id="eSc_line_747516c6" custom="structure {type:default;}">
        <pc:Coords points="670,1386 668,1422 726,1415 727,1388 727,1365 700,1358 699,1358 698,1358 670,1363 670,1386"/>
        <pc:Baseline points="670,1386 727,1388"/>
        <pc:TextEquiv index="0">
          <pc:Unicode>der</pc:Unicode>
        </pc:TextEquiv>
      </pc:TextLine>
    </pc:TextRegion>
  </pc:Page>
</pc:PcGts>
