1000 1640
64 102 619 165 Colonien an der Wolga.1805.
679 108 773 160 265.
68 174 719 242 Son̅abends den 13t begaben wir uns
36 233 698 300 nach Goloikaramisch, welche Colonie,
38 287 711 356 ſo wie Popofka, zu dem Kirchſpiel des
38 338 716 413 Paſt. Graf gehört.  Wir fanden das dor⸗
37 398 704 468 tige kleine Häuflein bereits auf uns
39 454 706 518 warten, u. in der Abend⸗Verſam̅lung,
38 511 700 576 welche ich noch an demſelben Tage hielt,
41 562 717 627 konte das ſehr geräumige Zim̅er die her⸗
39 616 701 679 bey kom̅enden kaum alle faßen. Tags
41 666 713 736 darauf hielt ich Vormittags in der hier
42 723 701 791 befindlichen Kirche, u. Nachmittags in
41 779 726 843 Kliutschy, einem zu dem nemlichen Kirch⸗
47 831 721 902 ſpiel gehörigen Dorfe, die Predigt. Die zu⸗
43 886 697 953 lezt genan̅te Colonie iſt vor mehrern
47 938 713 1009 Jahren ſamt der Kirche faſt ganz abge⸗
45 999 688 1062 bran̅t. Jezt ſind die Häuſer aber meiſt
49 1053 724 1117 ſchöner wieder aufgebaut, u. zwar mei⸗
49 1096 727 1165 ſtentheils von Steinen. Die Kirche, welche
48 1151 724 1221 außerhalb der Colonie ſteht, iſt zwar nur
50 1209 721 1277 von Holz, aber doch recht niedlich gebaut,
50 1261 721 1327 u. eine der beſten in hieſiger Gegend.
48 1316 715 1385 Ueberhaupt mußte ich mich über die Zu⸗
638 1359 719 1418 nah⸗
