1000 1643
202 127 284 172 180.
428 108 753 190 Wachauiſche
232 188 889 247 Hinkel, der mit ſeiner Familie aus
236 241 908 306 unſrer Nachbarſchaft wegzuziehen u.
238 295 912 355 ſich in Virginien niederzulaſſen ge⸗
234 347 921 410 denkt, bey ſeinen Bekan̅ten u. Freunden
235 401 916 463 alhier einen Beſuch ab. Mit Br. Reichel
237 462 925 523 hatte er eine ausführliche Unterredung
235 517 917 575 über ſeine Amtsführung während ſei⸗
233 565 906 633 nes fünfjährigen Aufenthalts in Ca⸗
234 623 903 687 rolina. Er äußerte ſich dahin, daß es ihm
232 678 894 743 herzlich angelegen habe, die Ausbreitung
232 729 915 799 des Reiches Jeſu zu fördern u. Seelen für
231 792 889 851 den Heiland zu gewinnen; u. bemerkte
230 839 894 907 dabey, daß bey aller Ruchloſigkeit, die in
231 901 898 961 vielen Gegenden, wo er gepredigt habe,
228 961 905 1015 herrſche, u. wiewol das Laſter der Trunken⸗
228 1005 899 1071 heit u. andre im Schwange gehende Sünden
226 1062 875 1122 vielen Schaden anrichteten, doch nicht zu
229 1121 897 1182 verkennen ſey, daß der Hld auch in hieſi⸗
227 1174 910 1237 ger Gegend ſein Werk habe, u. daß es in
223 1226 904 1293 allen chriſtlichen Abtheilungen noch viele
223 1282 913 1346 Seelen gebe, die Jhn lieben. Paſtor Hinkel
226 1333 911 1412 empfahl ſich beym Abſchied ins Andenken
842 1400 880 1430 u.
