<?xml version="1.0" encoding="utf-8"?>
<pc:PcGts xmlns:pc="http://schema.primaresearch.org/PAGE/gts/pagecontent/2019-07-15" xmlns:xsi="http://www.w3.org/2001/XMLSchema-instance" xsi:schemaLocation="http://schema.primaresearch.org/PAGE/gts/pagecontent/2019-07-15 http://schema.primaresearch.org/PAGE/gts/pagecontent/2019-07-15/pagecontent.xsd" pcGtsId="GT-OCR-GN_1806_1__GN.A.351__125_476c4">
  <pc:Metadata externalRef="https://images.iiif.slub-dresden.de/iiif/2/data%2Fkitodo%2FNachaudeB_1745047107_1806_1%2FNachaudeB_1745047107_1806_1_tif%2Fjpegs%2F00000126.tif.medium.jpg/full/full/0/default.jpg">
    <pc:Creator>escriptorium</pc:Creator>
    <pc:Created>2024-01-26T14:55:55.700261Z</pc:Created>
    <pc:LastChange>2024-01-26T14:55:55.700272Z</pc:LastChange>
    <pc:MetadataItem type="processingStep" name="recognition/post-correction" value="ocrd-cor-asv-ann-join">
      <pc:Labels externalModel="ocrd-tool" externalId="parameters">
        <pc:Label value="False" type="add-filegrp-comments"/>
      </pc:Labels>
      <pc:Labels externalModel="ocrd-tool" externalId="version">
        <pc:Label value="0.1.14" type="ocrd-cor-asv-ann-join"/>
        <pc:Label value="2.60.2.dev0+gac1f15b3.d20240125" type="ocrd/core"/>
      </pc:Labels>
    </pc:MetadataItem>
  </pc:Metadata>
  <pc:Page imageFilename="125_476c4_default.jpg" imageWidth="1000" imageHeight="1643">
    <pc:TextRegion id="eSc_textblock_3de32b70" custom="structure {type:text;}">
      <pc:Coords points="934,131 937,167 915,196 908,177 891,177 861,197 915,200 934,248 915,423 926,580 915,726 926,1390 901,1402 897,1426 851,1426 836,1423 850,1408 780,1397 222,1397 204,1382 208,211 196,188 149,174 146,142 160,124 242,113"/>
      <pc:TextLine id="eSc_line_07f6eacd" custom="structure {type:default;}">
        <pc:Coords points="182,120 157,127 149,135 150,158 150,175 198,180 200,180 201,180 230,167 230,157 228,135 191,119 190,119 182,120"/>
        <pc:Baseline points="151,160 231,158"/>
        <pc:TextEquiv index="0">
          <pc:Unicode>122.</pc:Unicode>
        </pc:TextEquiv>
      </pc:TextLine>
      <pc:TextLine id="eSc_line_6cb7ebe4" custom="structure {type:default;}">
        <pc:Coords points="922,130 913,130 904,130 894,129 885,129 876,129 867,129 858,128 854,128 848,130 845,128 840,128 831,128 821,127 812,127 803,127 794,126 785,126 776,126 767,126 757,125 757,125 746,129 663,125 662,125 606,128 582,121 575,121 566,121 557,128 518,128 506,119 505,119 505,119 502,119 493,119 484,119 474,118 465,118 456,118 447,117 446,117 445,117 444,117 443,117 442,118 431,125 416,117 415,117 414,117 413,117 412,117 411,117 389,126 374,117 373,117 372,117 371,117 370,117 361,122 347,117 346,117 345,117 344,117 326,126 305,126 291,116 290,116 289,116 237,115 237,146 237,158 294,157 296,159 316,175 317,175 318,175 352,176 475,177 476,177 477,177 501,165 566,168 567,168 568,168 580,161 586,159 608,159 612,162 616,165 617,165 618,165 619,165 620,165 628,162 631,161 631,162 638,167 639,167 640,167 641,167 642,167 653,162 658,160 672,162 720,170 721,170 788,163 794,163 801,163 863,169 863,169 864,169 865,169 872,165 927,165 928,151 927,130 922,130"/>
        <pc:Baseline points="237,146 928,151"/>
        <pc:TextEquiv index="0">
          <pc:Unicode>Berichte Engliſcher Gemeinen, 1804 u 1805.</pc:Unicode>
        </pc:TextEquiv>
      </pc:TextLine>
      <pc:TextLine id="eSc_line_11b8f7b7" custom="structure {type:default;}">
        <pc:Coords points="215,232 216,256 231,251 249,256 262,259 263,259 263,259 264,259 268,256 277,248 289,255 294,259 294,259 295,259 296,260 342,260 342,259 343,259 354,254 374,247 385,254 393,260 394,260 395,260 396,260 397,260 414,254 429,249 443,253 459,259 460,259 509,261 510,261 511,261 531,252 546,247 603,247 619,251 634,256 635,256 636,256 637,256 638,256 646,251 652,248 681,251 700,252 701,252 737,250 771,248 794,248 796,250 812,262 813,262 814,262 815,263 883,263 883,262 884,262 910,248 911,237 909,207 887,216 860,207 855,206 854,206 853,206 852,206 850,207 830,217 793,217 778,208 774,205 773,205 772,205 771,205 770,205 769,205 766,208 753,215 726,214 718,208 716,207 715,207 715,207 714,207 713,207 712,207 710,208 699,215 687,209 685,207 684,207 684,207 683,207 682,207 679,209 669,213 642,213 637,209 632,205 632,204 631,204 631,204 615,204 614,204 613,204 612,204 606,209 599,215 580,215 571,209 565,205 564,205 563,205 562,205 511,209 508,209 507,209 489,203 488,203 422,203 421,203 421,203 402,210 395,213 346,213 342,211 325,202 324,202 323,202 322,202 291,211 286,213 258,213 256,211 251,207 250,207 249,207 248,207 215,211 215,232"/>
        <pc:Baseline points="215,232 911,237"/>
        <pc:TextEquiv index="0">
          <pc:Unicode>angefangen habe, daſſelbe auch vollenden. Einige</pc:Unicode>
        </pc:TextEquiv>
      </pc:TextLine>
      <pc:TextLine id="eSc_line_738c4a2f" custom="structure {type:default;}">
        <pc:Coords points="214,279 213,292 242,305 242,305 243,306 261,306 261,305 262,305 263,305 280,293 410,293 411,294 427,308 428,308 429,308 506,309 507,309 508,309 509,309 521,302 543,307 544,307 545,307 546,307 578,298 582,297 591,298 625,303 626,303 665,300 685,298 689,300 713,312 714,312 715,312 755,311 756,311 757,311 770,302 770,301 771,302 780,309 781,309 782,309 783,309 817,307 831,313 831,313 832,313 866,305 877,313 878,313 879,313 880,314 901,314 901,313 902,313 903,313 914,304 915,288 914,260 873,268 804,259 803,259 802,259 788,263 776,258 775,258 768,258 744,258 743,258 742,258 720,265 684,265 669,257 668,257 667,257 666,257 652,263 636,256 635,256 634,256 588,264 549,264 538,255 537,255 536,255 536,255 535,255 515,262 494,255 493,255 492,255 491,255 469,261 450,255 449,255 448,255 447,255 425,262 393,253 392,253 391,253 338,261 299,255 298,255 297,255 284,261 214,251 214,279"/>
        <pc:Baseline points="214,279 915,288"/>
        <pc:TextEquiv index="0">
          <pc:Unicode>Tage vor ſeinem Ende erklärte er ſich dahin, daß</pc:Unicode>
        </pc:TextEquiv>
      </pc:TextLine>
      <pc:TextLine id="eSc_line_a0aef73f" custom="structure {type:default;}">
        <pc:Coords points="215,341 215,365 221,367 221,367 222,367 223,367 224,367 228,365 245,354 382,354 396,363 397,363 398,363 399,363 400,363 414,358 422,366 423,366 424,366 425,366 426,366 427,366 441,358 449,364 450,364 451,364 452,364 452,364 476,355 495,366 501,368 502,368 503,368 504,368 510,366 537,355 554,366 554,366 555,366 556,366 573,368 574,368 575,368 576,368 578,366 595,354 639,354 664,366 669,368 670,368 671,368 697,366 747,362 755,366 757,368 757,368 758,368 759,369 863,369 863,368 863,368 867,366 879,360 905,366 906,341 905,315 856,316 852,314 849,312 848,312 847,312 846,312 845,312 837,314 832,316 830,314 823,310 822,310 821,310 795,310 794,310 793,310 792,310 788,314 783,318 737,318 730,313 721,310 720,310 681,310 680,310 679,310 672,313 665,317 649,313 631,310 630,310 629,310 619,313 613,315 608,313 600,311 600,311 599,311 598,311 590,313 578,317 552,313 547,313 547,313 546,313 544,313 528,317 494,313 476,311 475,311 474,311 468,313 452,317 446,313 443,310 442,310 442,310 421,310 420,310 419,310 418,310 415,313 408,318 388,318 368,312 360,310 359,310 358,310 357,310 353,312 343,317 310,312 302,311 301,311 300,311 298,312 287,318 255,318 215,312 215,341"/>
        <pc:Baseline points="215,341 906,341"/>
        <pc:TextEquiv index="0">
          <pc:Unicode>ihm nun kein Zweifel mehr übrig ſey. Er ſetzte</pc:Unicode>
        </pc:TextEquiv>
      </pc:TextLine>
      <pc:TextLine id="eSc_line_c722741d" custom="structure {type:default;}">
        <pc:Coords points="214,393 215,419 231,415 252,419 257,420 258,420 259,420 262,419 285,408 296,416 297,416 298,416 299,416 300,416 321,408 357,414 358,414 395,408 419,418 423,420 424,420 425,420 426,420 432,418 455,411 465,415 466,415 467,415 506,408 562,408 577,418 582,421 583,421 584,421 585,422 623,422 623,421 624,421 625,421 630,417 632,415 636,417 643,421 644,421 645,422 674,422 674,421 675,421 676,421 682,417 693,409 719,409 741,417 757,421 757,421 758,422 808,422 808,421 809,421 810,421 817,416 830,421 831,421 831,422 877,422 877,421 878,421 889,416 891,415 911,415 913,395 912,364 890,364 889,364 888,364 887,364 875,372 767,364 762,364 761,364 758,364 701,372 685,364 684,364 684,364 683,364 676,364 615,369 598,364 596,364 595,364 594,364 593,364 592,364 582,372 521,366 520,366 483,371 462,365 459,364 458,364 457,364 456,364 452,365 429,371 416,365 412,363 411,363 369,363 368,363 368,363 364,365 352,371 284,366 284,366 251,371 214,366 214,393"/>
        <pc:Baseline points="214,393 913,395"/>
        <pc:TextEquiv index="0">
          <pc:Unicode>hinzu, er wünsche nun aufgelöſt u bey Chriſto zu</pc:Unicode>
        </pc:TextEquiv>
      </pc:TextLine>
      <pc:TextLine id="eSc_line_b20872d3" custom="structure {type:default;}">
        <pc:Coords points="215,451 215,474 251,474 251,473 252,473 252,473 276,461 302,468 303,468 304,468 305,468 315,463 326,471 327,473 328,473 329,473 330,473 415,472 416,472 421,470 442,460 461,465 462,465 463,465 463,465 464,465 470,460 494,465 495,465 496,465 497,465 502,461 524,468 529,470 530,470 531,470 532,470 536,468 550,460 585,464 586,464 587,464 597,460 718,460 728,464 740,470 741,470 766,471 767,471 822,470 823,470 839,462 847,459 903,460 904,448 902,423 831,426 813,422 790,418 789,418 789,418 788,418 782,422 778,425 721,422 714,422 713,422 710,422 678,427 671,422 667,419 666,419 665,419 664,419 663,419 656,422 645,426 628,422 612,418 611,418 610,418 604,422 592,429 575,429 541,421 527,419 526,419 515,421 488,428 472,421 471,421 470,421 469,421 464,421 424,428 411,421 407,419 406,419 405,419 388,421 330,429 264,429 214,421 215,451"/>
        <pc:Baseline points="215,451 537,447 904,448"/>
        <pc:TextEquiv index="0">
          <pc:Unicode>ſeyn; doch ſey er in den Willen des Heilandes</pc:Unicode>
        </pc:TextEquiv>
      </pc:TextLine>
      <pc:TextLine id="eSc_line_ee2f7e41" custom="structure {type:default;}">
        <pc:Coords points="217,498 216,525 264,526 265,526 266,526 267,526 268,525 283,515 296,524 297,524 298,524 299,524 332,523 333,523 334,523 346,515 442,515 460,522 461,522 462,522 490,515 502,523 502,523 503,523 504,523 505,523 505,523 508,523 535,516 544,523 547,525 548,525 549,525 550,525 551,525 563,523 569,521 571,523 577,527 578,527 578,527 579,527 644,526 645,526 646,526 652,522 659,516 687,521 721,527 722,528 754,528 754,527 755,527 756,527 765,521 771,516 782,520 801,527 802,527 803,527 804,527 823,520 832,516 840,520 856,527 857,527 858,528 874,528 874,527 875,527 892,519 898,516 904,519 906,500 905,472 886,470 885,470 884,470 884,470 880,472 869,479 848,479 839,472 835,470 834,470 833,470 744,470 743,470 742,470 741,470 736,473 730,477 725,473 720,470 719,470 718,470 717,470 689,473 657,478 649,473 642,470 641,470 566,470 565,470 545,474 534,477 524,474 506,470 505,470 505,470 479,475 467,477 456,475 428,469 427,469 426,469 401,475 394,477 388,475 378,472 377,472 376,472 375,472 366,475 360,477 339,476 291,472 290,472 289,472 288,472 284,476 282,477 217,477 217,498"/>
        <pc:Baseline points="217,498 906,500"/>
        <pc:TextEquiv index="0">
          <pc:Unicode>ergeben, u traue es Jhm zu, daß Er es ſo mit</pc:Unicode>
        </pc:TextEquiv>
      </pc:TextLine>
      <pc:TextLine id="eSc_line_82a4b055" custom="structure {type:default;}">
        <pc:Coords points="217,560 218,582 237,574 283,574 298,581 311,586 312,586 313,587 338,587 338,586 339,586 340,586 348,580 357,574 397,574 404,579 405,579 406,579 407,579 408,579 410,579 422,574 445,578 484,586 484,586 485,586 486,586 496,577 500,574 552,573 557,576 568,586 569,586 570,586 571,586 600,586 600,586 601,586 602,586 616,575 617,575 618,575 636,586 637,586 638,586 663,586 663,586 664,586 665,586 680,575 700,574 705,574 707,574 733,581 734,581 735,581 736,581 750,575 762,585 763,585 764,585 765,586 853,586 853,585 854,585 880,577 890,580 891,580 892,580 893,580 914,570 914,557 913,535 895,527 894,527 894,527 854,534 833,527 832,527 831,527 796,534 789,528 788,528 787,528 766,527 765,527 764,527 746,534 728,529 727,529 726,529 726,529 725,529 715,535 670,536 647,536 635,528 634,528 633,528 632,528 601,535 592,531 591,531 590,531 589,531 579,536 497,536 449,528 448,528 366,529 365,529 353,534 339,529 338,529 291,529 290,529 289,529 288,529 276,536 231,532 230,532 229,532 216,536 217,560"/>
        <pc:Baseline points="217,560 914,557"/>
        <pc:TextEquiv index="0">
          <pc:Unicode>Jhm machen werde, wie es für ihn das beſte ſey. Als</pc:Unicode>
        </pc:TextEquiv>
      </pc:TextLine>
      <pc:TextLine id="eSc_line_78817f35" custom="structure {type:default;}">
        <pc:Coords points="212,609 213,636 241,625 263,625 280,635 282,637 283,637 284,637 284,637 295,635 353,625 366,625 378,634 381,638 382,638 383,638 384,638 432,638 432,638 433,638 444,633 463,626 479,633 491,638 492,638 493,638 594,635 632,639 633,640 685,640 685,639 686,639 687,639 698,630 702,634 703,634 704,634 705,634 705,634 715,630 724,627 779,627 782,629 790,636 791,636 792,636 793,636 819,633 828,638 829,638 830,638 831,638 831,638 832,638 845,628 846,628 912,628 913,614 912,587 856,586 855,586 854,586 851,587 837,595 810,595 786,587 785,587 784,587 783,587 780,587 758,591 753,587 748,585 747,585 747,585 746,585 745,585 736,587 725,591 717,587 710,585 709,585 708,585 707,585 694,587 684,590 673,588 658,585 657,585 656,585 647,588 632,593 567,593 561,588 557,585 556,585 555,585 554,585 553,585 546,588 533,584 532,584 531,584 530,584 529,584 522,588 515,593 493,593 456,588 404,584 403,584 402,584 401,584 395,589 393,591 366,591 362,589 348,582 347,582 284,582 284,582 283,582 264,589 263,590 212,590 212,609"/>
        <pc:Baseline points="212,609 913,614"/>
        <pc:TextEquiv index="0">
          <pc:Unicode>man ihn an ſeinem Heimgangstage bey den vielen</pc:Unicode>
        </pc:TextEquiv>
      </pc:TextLine>
      <pc:TextLine id="eSc_line_8f6ba93b" custom="structure {type:default;}">
        <pc:Coords points="213,666 212,687 239,690 240,690 255,687 277,683 283,687 285,690 286,690 287,690 321,690 322,690 350,687 402,680 438,680 447,686 453,691 454,691 455,691 520,692 521,692 522,692 536,686 542,682 581,681 608,686 621,688 621,688 634,686 643,684 645,686 655,693 656,693 657,693 658,693 690,685 700,683 704,685 717,694 718,694 719,694 720,694 721,694 738,689 757,694 757,694 758,694 759,694 784,685 789,683 910,684 912,672 911,641 872,641 871,641 870,641 855,648 841,641 840,641 839,641 783,640 782,640 781,640 780,640 778,642 765,652 720,652 674,643 661,640 660,640 659,640 653,643 638,649 620,643 606,638 605,638 589,638 589,638 588,638 587,638 581,643 573,649 525,648 518,644 508,638 507,638 506,638 505,638 490,644 477,649 438,649 429,645 413,638 412,638 411,638 370,645 354,648 280,648 274,646 240,638 239,638 238,638 237,638 225,646 223,647 213,647 213,666"/>
        <pc:Baseline points="213,666 912,672"/>
        <pc:TextEquiv index="0">
          <pc:Unicode>Schmerzen, die er zu erdulden hatte, mit der Vor-</pc:Unicode>
        </pc:TextEquiv>
      </pc:TextLine>
      <pc:TextLine id="eSc_line_0f70fd19" custom="structure {type:default;}">
        <pc:Coords points="214,721 213,743 317,744 318,744 319,744 325,742 345,732 368,742 378,744 378,744 379,744 396,741 439,731 477,740 504,745 505,745 505,745 520,739 526,736 536,738 539,739 540,739 541,739 544,738 563,732 573,738 577,740 578,740 578,740 579,740 580,740 583,738 591,732 621,732 631,737 644,745 645,745 646,745 689,746 690,746 691,746 692,746 705,735 707,734 711,735 728,741 729,741 730,741 731,741 732,741 741,735 746,732 763,734 785,737 786,737 787,737 796,734 800,732 907,732 908,723 907,701 878,701 877,701 865,691 864,691 863,691 789,691 789,691 788,691 768,700 766,701 762,699 750,693 749,693 748,693 747,693 727,699 720,701 714,699 694,691 694,691 693,691 692,691 691,691 684,696 652,690 651,690 650,690 633,698 627,701 595,701 590,697 583,690 582,690 581,690 558,690 557,690 557,690 556,690 547,696 540,700 531,696 517,690 516,690 515,690 515,690 496,696 482,700 434,700 428,695 421,690 421,690 420,690 419,690 418,690 404,694 400,690 399,690 398,690 335,690 334,690 333,690 332,690 326,693 317,699 214,692 214,721"/>
        <pc:Baseline points="214,721 908,723"/>
        <pc:TextEquiv index="0">
          <pc:Unicode>ſtellung tröſtete, daß nun alle ſeine Leiden bald</pc:Unicode>
        </pc:TextEquiv>
      </pc:TextLine>
      <pc:TextLine id="eSc_line_cbcf465e" custom="structure {type:default;}">
        <pc:Coords points="210,776 210,787 254,789 277,798 278,798 343,799 344,799 383,790 394,798 395,798 396,798 397,798 398,798 413,790 417,788 420,790 428,796 429,796 430,796 431,796 431,796 432,796 441,791 447,786 484,791 486,791 487,791 489,791 533,785 571,792 572,792 573,792 615,784 627,793 628,794 629,794 630,794 652,795 653,795 654,795 655,795 658,794 664,789 673,794 681,796 682,796 683,796 684,796 684,796 688,794 694,788 789,784 825,795 826,795 827,795 828,795 829,795 830,795 842,789 852,795 852,795 853,795 854,796 880,796 881,772 879,751 842,744 842,744 841,744 829,751 828,752 739,752 736,752 715,745 715,745 714,745 713,745 700,752 699,752 695,752 638,746 637,746 605,753 602,753 600,753 573,746 494,746 494,746 493,746 476,753 474,753 468,753 398,747 397,747 396,747 395,747 386,753 342,750 341,750 313,754 310,754 307,754 259,748 258,748 257,748 256,748 249,754 230,748 229,748 228,748 227,748 210,753 210,776"/>
        <pc:Baseline points="210,776 881,772"/>
        <pc:TextEquiv index="0">
          <pc:Unicode>vorüber ſeyen, u in Freude verwandelt werden</pc:Unicode>
        </pc:TextEquiv>
      </pc:TextLine>
      <pc:TextLine id="eSc_line_33e03cff" custom="structure {type:default;}">
        <pc:Coords points="209,828 209,842 289,842 292,843 312,854 313,854 314,854 368,844 384,841 482,845 546,847 547,847 547,847 552,846 562,842 571,847 583,852 584,852 585,853 679,853 679,852 680,852 681,852 686,847 691,844 696,847 702,852 703,852 704,852 705,852 705,852 716,848 733,842 750,848 755,850 756,850 757,850 757,850 758,850 760,848 778,839 793,839 813,849 817,851 818,851 819,852 869,852 869,851 870,851 873,850 888,845 909,850 912,825 909,795 794,802 713,798 663,796 662,796 661,796 653,799 642,805 609,805 600,800 594,797 593,797 592,797 591,797 578,801 557,806 503,806 494,802 491,800 490,800 489,800 475,803 459,805 455,803 452,800 452,800 451,800 450,800 449,800 441,803 433,806 382,806 371,804 346,798 345,798 315,805 301,798 300,798 239,798 238,798 237,798 236,798 226,806 226,807 208,807 209,828"/>
        <pc:Baseline points="209,828 912,825"/>
        <pc:TextEquiv index="0">
          <pc:Unicode>würden, erwiderte er: „ich hoffe, daß dieſes heute</pc:Unicode>
        </pc:TextEquiv>
      </pc:TextLine>
      <pc:TextLine id="eSc_line_5013aad0" custom="structure {type:default;}">
        <pc:Coords points="214,885 214,910 310,909 311,909 312,909 312,908 333,895 363,895 372,902 373,902 374,902 375,902 376,902 400,894 427,900 428,900 429,900 446,896 469,905 476,908 477,908 478,908 515,907 515,907 516,907 521,904 538,893 554,893 572,903 579,907 580,907 581,907 582,907 594,902 598,901 608,902 622,903 623,903 624,903 625,903 627,901 642,893 671,893 680,899 681,899 682,899 683,899 684,899 684,899 693,893 720,899 721,899 749,892 771,899 794,906 795,906 796,907 819,907 819,906 820,906 821,906 831,898 835,895 894,896 895,881 894,862 850,862 850,861 807,853 806,853 805,853 783,861 783,862 724,862 722,861 711,852 710,852 709,852 682,852 681,852 680,852 679,852 668,861 666,863 634,863 631,861 619,856 618,856 617,856 616,856 597,861 593,862 590,861 570,852 569,852 568,852 568,852 531,861 523,863 472,861 463,861 452,853 451,853 450,853 449,853 375,856 374,856 360,861 354,864 349,861 338,854 337,854 336,854 238,854 237,854 236,854 213,860 214,885"/>
        <pc:Baseline points="214,885 895,881"/>
        <pc:TextEquiv index="0">
          <pc:Unicode>geſchehen wird.“ Noch kurz vor ſeinem letzten</pc:Unicode>
        </pc:TextEquiv>
      </pc:TextLine>
      <pc:TextLine id="eSc_line_ae1c5bce" custom="structure {type:default;}">
        <pc:Coords points="210,939 210,963 234,962 235,962 256,952 275,963 276,963 277,963 278,964 326,964 326,963 327,963 330,962 380,948 398,948 417,962 417,962 418,962 419,962 420,963 431,963 431,962 431,962 432,962 432,962 448,950 489,947 609,948 619,953 620,953 621,953 621,953 640,948 663,952 673,960 673,961 674,961 675,961 676,962 691,962 691,961 692,961 693,961 694,960 707,948 784,945 814,948 828,958 830,960 831,960 831,960 832,960 908,957 908,934 906,913 821,913 786,905 785,905 784,905 768,913 766,914 719,914 715,913 691,906 690,906 689,906 588,907 587,907 571,913 567,914 552,913 499,907 498,907 476,908 475,908 474,908 468,913 463,915 442,913 404,909 403,909 382,913 370,915 357,913 337,909 336,909 209,912 210,939"/>
        <pc:Baseline points="210,939 908,934"/>
        <pc:TextEquiv index="0">
          <pc:Unicode>Athemzug ermahnte er die Umſtehenden ernſtlich,</pc:Unicode>
        </pc:TextEquiv>
      </pc:TextLine>
      <pc:TextLine id="eSc_line_d40fb658" custom="structure {type:default;}">
        <pc:Coords points="217,994 217,1015 225,1018 226,1018 227,1018 228,1018 229,1018 232,1015 246,1008 312,1008 323,1016 328,1021 329,1021 330,1021 331,1022 381,1022 381,1021 382,1021 383,1021 389,1017 392,1015 396,1017 407,1021 408,1021 409,1021 410,1021 417,1017 427,1012 447,1017 461,1021 462,1021 463,1022 494,1022 494,1021 494,1021 495,1021 500,1017 511,1010 524,1017 530,1021 531,1021 532,1022 552,1022 552,1021 553,1021 554,1021 557,1018 570,1007 589,1007 608,1018 610,1020 611,1020 612,1020 613,1020 614,1020 620,1018 632,1014 640,1018 641,1019 642,1019 642,1019 643,1019 644,1019 646,1018 668,1009 680,1019 681,1020 682,1020 683,1020 684,1020 690,1019 712,1014 750,1019 759,1020 760,1020 761,1020 762,1020 763,1019 778,1007 803,1007 827,1019 828,1019 829,1019 830,1019 831,1019 845,1007 879,1007 905,1020 907,992 906,972 892,966 891,966 890,966 889,966 888,966 880,972 797,972 783,961 782,961 781,961 735,961 734,961 733,961 715,967 697,961 696,961 695,961 649,966 621,961 621,961 620,961 619,961 604,971 484,962 483,962 482,962 470,968 400,972 383,962 382,962 381,962 358,962 357,962 357,962 328,972 316,962 315,962 315,962 302,962 301,962 300,962 272,972 247,964 246,964 245,964 244,964 243,964 233,973 216,973 217,994"/>
        <pc:Baseline points="217,994 907,992"/>
        <pc:TextEquiv index="0">
          <pc:Unicode>ohne Verzug zu Jeſu ihre Zuflucht zu nehmen,</pc:Unicode>
        </pc:TextEquiv>
      </pc:TextLine>
      <pc:TextLine id="eSc_line_a4d9818f" custom="structure {type:default;}">
        <pc:Coords points="210,1044 210,1058 315,1060 340,1073 341,1073 386,1074 387,1074 388,1074 389,1074 409,1061 438,1061 464,1074 465,1074 466,1075 509,1075 509,1074 510,1074 511,1074 519,1068 540,1074 541,1074 542,1074 543,1074 544,1074 559,1062 561,1061 589,1061 590,1062 613,1075 614,1075 615,1076 634,1076 634,1075 635,1075 658,1063 660,1062 662,1063 689,1075 690,1075 691,1075 714,1074 715,1074 736,1063 738,1062 742,1064 754,1067 755,1067 756,1067 789,1064 791,1064 792,1064 804,1069 805,1069 806,1069 861,1066 885,1076 886,1076 887,1077 887,1076 888,1076 913,1065 914,1047 913,1020 828,1018 827,1018 826,1018 821,1020 810,1025 789,1020 778,1018 778,1018 777,1018 768,1020 747,1025 721,1020 705,1017 704,1017 703,1017 702,1017 698,1020 692,1025 635,1025 607,1021 580,1017 579,1017 578,1017 578,1017 572,1021 567,1025 563,1021 557,1016 557,1016 556,1016 555,1016 532,1021 527,1022 526,1021 521,1016 520,1016 519,1016 491,1016 490,1016 489,1016 475,1021 470,1024 393,1024 390,1022 383,1015 382,1015 381,1015 380,1015 379,1015 367,1022 366,1023 326,1023 324,1022 315,1015 314,1015 313,1015 312,1015 311,1015 296,1022 294,1023 284,1022 239,1018 238,1018 210,1022 210,1044"/>
        <pc:Baseline points="210,1044 914,1047"/>
        <pc:TextEquiv index="0">
          <pc:Unicode>den̅ dies ſey das Einige Nothwendige. Bald darauf</pc:Unicode>
        </pc:TextEquiv>
      </pc:TextLine>
      <pc:TextLine id="eSc_line_f933f4d9" custom="structure {type:default;}">
        <pc:Coords points="214,1098 213,1107 248,1112 262,1126 262,1127 263,1127 263,1127 279,1128 280,1129 310,1129 310,1128 311,1128 344,1110 384,1118 385,1118 386,1118 409,1109 410,1100 409,1072 360,1080 295,1080 285,1074 281,1070 280,1070 279,1070 253,1070 252,1070 252,1070 242,1074 232,1078 214,1075 214,1098"/>
        <pc:Baseline points="214,1098 410,1100"/>
        <pc:TextEquiv index="0">
          <pc:Unicode>entſchlief er.</pc:Unicode>
        </pc:TextEquiv>
      </pc:TextLine>
      <pc:TextLine id="eSc_line_dc016cfc" custom="structure {type:default;}">
        <pc:Coords points="267,1155 267,1176 325,1175 326,1175 326,1175 336,1166 362,1164 413,1175 414,1175 458,1166 473,1175 473,1175 474,1175 475,1176 495,1176 495,1175 496,1175 497,1175 509,1165 556,1164 578,1164 598,1174 599,1174 600,1175 633,1175 633,1174 634,1174 656,1163 673,1163 683,1171 684,1171 684,1171 685,1171 686,1171 703,1164 776,1164 789,1169 790,1169 791,1169 792,1169 793,1169 800,1163 827,1173 828,1173 829,1173 830,1173 831,1173 838,1167 886,1166 909,1174 912,1153 910,1119 860,1119 859,1119 858,1119 856,1119 839,1126 830,1119 829,1119 828,1119 827,1119 804,1119 803,1119 802,1119 797,1120 775,1130 752,1129 745,1121 744,1121 744,1120 743,1120 742,1120 741,1120 740,1120 736,1122 726,1125 723,1122 719,1119 718,1119 717,1119 663,1119 662,1119 661,1119 650,1124 647,1125 644,1124 631,1119 630,1119 629,1119 628,1119 627,1119 627,1119 621,1124 618,1127 590,1125 585,1125 584,1125 583,1125 582,1125 564,1130 490,1130 484,1128 477,1124 476,1124 475,1124 474,1124 468,1128 463,1130 439,1129 404,1125 403,1125 383,1130 378,1130 376,1130 362,1123 361,1123 360,1123 359,1123 358,1123 348,1130 342,1125 342,1124 341,1124 340,1124 339,1124 338,1124 323,1128 294,1123 294,1123 293,1123 266,1131 267,1155"/>
        <pc:Baseline points="267,1155 912,1153"/>
        <pc:TextEquiv index="0">
          <pc:Unicode>Ein Soldat, welcher die Predigten in der Brüder⸗</pc:Unicode>
        </pc:TextEquiv>
      </pc:TextLine>
      <pc:TextLine id="eSc_line_6a48de26" custom="structure {type:default;}">
        <pc:Coords points="208,1204 207,1230 242,1231 243,1231 244,1231 246,1230 275,1220 300,1230 301,1230 331,1231 332,1231 333,1231 335,1230 363,1219 450,1224 451,1224 452,1224 452,1224 456,1220 484,1230 489,1232 490,1232 491,1232 511,1230 583,1224 600,1230 605,1232 606,1232 607,1232 620,1230 644,1227 660,1230 667,1232 668,1232 669,1232 673,1230 687,1224 719,1226 720,1226 721,1226 733,1221 860,1221 878,1230 883,1233 884,1233 884,1233 916,1230 917,1207 917,1184 907,1178 906,1178 905,1178 905,1178 904,1178 884,1185 839,1178 838,1178 797,1183 783,1178 782,1178 729,1178 728,1178 727,1178 711,1184 710,1184 708,1184 695,1179 694,1179 694,1179 669,1183 664,1184 663,1183 655,1177 654,1177 653,1177 626,1177 625,1177 624,1177 623,1177 617,1183 614,1185 582,1185 579,1182 572,1177 571,1177 570,1177 569,1177 568,1177 551,1182 548,1182 546,1182 521,1177 520,1177 519,1177 518,1177 513,1182 508,1185 472,1185 464,1182 457,1178 456,1178 455,1178 439,1181 426,1183 420,1181 409,1176 408,1176 407,1176 406,1176 393,1181 392,1181 390,1181 378,1176 377,1176 376,1176 375,1176 363,1180 353,1183 208,1179 208,1204"/>
        <pc:Baseline points="208,1204 917,1207"/>
        <pc:TextEquiv index="0">
          <pc:Unicode>Kapelle zu London öfters beſuchte, u den man wäh⸗</pc:Unicode>
        </pc:TextEquiv>
      </pc:TextLine>
      <pc:TextLine id="eSc_line_d98844aa" custom="structure {type:default;}">
        <pc:Coords points="206,1263 207,1278 223,1272 240,1276 241,1276 242,1276 288,1272 304,1279 319,1287 320,1287 321,1287 347,1287 347,1287 347,1287 363,1280 372,1276 444,1271 463,1281 471,1285 472,1285 473,1285 473,1285 488,1281 518,1274 593,1282 610,1284 611,1284 612,1284 613,1284 615,1282 633,1270 733,1270 759,1284 761,1285 762,1285 763,1286 824,1286 824,1285 825,1285 826,1285 836,1278 845,1285 846,1285 847,1285 848,1286 911,1286 912,1260 909,1233 852,1239 842,1234 840,1233 839,1233 808,1233 807,1233 806,1233 803,1234 792,1240 749,1234 728,1233 727,1233 712,1235 685,1241 673,1236 666,1234 665,1234 664,1234 648,1236 635,1239 624,1237 607,1234 606,1234 605,1234 595,1237 589,1241 514,1242 508,1239 505,1237 505,1237 504,1237 503,1237 475,1240 439,1244 395,1244 386,1241 355,1234 354,1234 327,1241 205,1244 206,1263"/>
        <pc:Baseline points="206,1263 912,1260"/>
        <pc:TextEquiv index="0">
          <pc:Unicode>rend denſelben mehrmals Thränen vergießen ſahe,</pc:Unicode>
        </pc:TextEquiv>
      </pc:TextLine>
      <pc:TextLine id="eSc_line_2ce04465" custom="structure {type:default;}">
        <pc:Coords points="214,1322 234,1332 235,1332 236,1332 237,1332 238,1332 249,1324 283,1325 305,1337 305,1337 306,1338 342,1338 342,1337 343,1337 344,1337 362,1326 363,1325 433,1324 441,1328 453,1334 454,1334 455,1334 456,1334 473,1329 475,1328 478,1329 499,1337 500,1337 501,1338 541,1338 541,1337 542,1337 565,1330 584,1325 615,1330 616,1330 648,1325 663,1331 663,1331 664,1331 665,1331 690,1325 708,1329 709,1329 710,1329 731,1327 742,1334 746,1338 747,1338 747,1338 748,1339 763,1339 763,1338 764,1338 765,1338 768,1335 785,1325 839,1325 854,1337 855,1338 856,1338 857,1338 858,1339 907,1339 908,1316 907,1287 802,1285 801,1285 800,1285 800,1285 799,1286 788,1294 694,1294 683,1287 682,1287 681,1287 680,1287 659,1291 652,1285 651,1284 650,1284 649,1284 617,1284 616,1284 615,1284 614,1284 613,1285 599,1295 584,1295 566,1285 562,1283 561,1283 510,1283 509,1283 508,1283 507,1283 506,1285 494,1294 427,1294 406,1286 405,1286 404,1286 403,1286 387,1293 356,1287 355,1287 325,1293 272,1290 258,1283 257,1283 256,1283 255,1283 254,1283 252,1283 229,1291 217,1283 215,1314 214,1322"/>
        <pc:Baseline points="215,1314 908,1316"/>
        <pc:TextEquiv index="0">
          <pc:Unicode>wurde von einem unſrer Brüder angeredet. Er</pc:Unicode>
        </pc:TextEquiv>
      </pc:TextLine>
      <pc:TextLine id="eSc_line_814745ed" custom="structure {type:default;}">
        <pc:Coords points="213,1369 212,1383 244,1397 245,1397 246,1397 247,1397 248,1397 257,1390 280,1399 281,1399 282,1399 283,1399 328,1386 334,1385 355,1385 358,1387 382,1398 383,1398 384,1398 385,1398 386,1398 400,1388 403,1385 425,1385 431,1389 445,1400 446,1400 447,1400 448,1401 536,1401 536,1400 537,1400 556,1391 568,1385 619,1385 632,1393 638,1397 639,1397 640,1397 641,1397 642,1397 642,1397 647,1393 650,1391 658,1393 671,1398 672,1398 673,1398 673,1398 687,1394 703,1390 709,1394 711,1396 712,1396 713,1396 760,1400 761,1400 762,1400 769,1396 774,1394 778,1396 785,1400 786,1400 787,1400 788,1400 789,1400 792,1397 809,1385 855,1385 883,1399 885,1400 886,1400 887,1400 913,1399 914,1372 912,1345 885,1346 878,1344 854,1337 853,1337 852,1337 852,1337 851,1337 840,1343 836,1346 806,1346 797,1343 778,1337 777,1337 776,1337 775,1337 759,1342 753,1345 746,1342 740,1340 739,1340 738,1340 726,1342 702,1346 695,1341 688,1337 687,1337 686,1337 669,1337 668,1337 667,1337 658,1341 648,1346 618,1340 609,1339 608,1339 607,1339 606,1339 605,1340 597,1347 565,1347 554,1339 549,1337 548,1337 547,1337 531,1337 530,1337 512,1339 470,1347 400,1347 381,1338 380,1338 379,1338 378,1338 334,1346 322,1337 321,1337 320,1337 273,1336 272,1336 271,1336 269,1336 244,1345 233,1336 232,1336 231,1336 213,1336 213,1369"/>
        <pc:Baseline points="213,1369 720,1368 914,1372"/>
        <pc:TextEquiv index="0">
          <pc:Unicode>bezeugte, daß er ſich ſchon lange von Herzen darnach</pc:Unicode>
        </pc:TextEquiv>
      </pc:TextLine>
      <pc:TextLine id="eSc_line_e2f6da9f">
        <pc:Coords points="852,1418 852,1447 897,1444 897,1418 895,1397 852,1399 852,1418"/>
        <pc:Baseline points="853,1419 898,1419"/>
        <pc:TextEquiv index="0">
          <pc:Unicode>ge⸗</pc:Unicode>
        </pc:TextEquiv>
      </pc:TextLine>
    </pc:TextRegion>
  </pc:Page>
</pc:PcGts>
