1000 1643
161 121 217 183 114.
227 113 916 180 Berichte Engliſcher Gemeinen, 1804 u 1805.
224 203 911 261 nun durch Geſchw. Schlichts die nöthigen Vorberei⸗
221 257 919 312 tungen getroffen worden waren, kam Br. Johan̅es
221 308 898 366 v. Watteville daſelbſt an, u am 26ſten Jan. 1755
217 364 914 421 wurde dan̅ durch ihn die förmliche Einrichtung einer
216 417 908 475 Gemeine zu Stande gebracht. Die Zahl der erſten
214 472 907 526 Mitglieder derſelben belief ſich auf 35, unter
214 527 910 582 welchen ſich auch einige von Kingswood u Bath be⸗
218 580 906 637 fanden. Die Geſchwiſter zu Bristol wünſchten
220 636 910 690 nun einen Platz zu bekom̅en, wo ſie eine Kapelle
215 690 912 742 bauen kön̅ten. Es bot ſich ihnen auch bald eine Ge⸗
213 743 894 798 legenheit dar, einen ſolchen an ſich zu kaufen.
212 797 912 849 Als es zur Auction kam, erklärte ihnen ein ge⸗
216 851 914 906 wiſſer Herr, daß er dieſen Platz für jeden Preis
210 908 910 962 zu erſtehen Willens ſey, u ſie ſahen ſich deßhalb
213 961 907 1017 genöthigt, von dieſem Kaufe abzuſtehen. Gedachter
212 1011 915 1069 Herr wurde aber bald darauf unruhig in ſeinem
207 1065 909 1125 Herzen darüber, daß er den Geſchwiſtern dieſen
209 1118 905 1178 Platz entzogen habe, u bot ihnen nun denſelben
206 1172 904 1230 für denſelben Preis an, für welchen er ihn er⸗
204 1226 914 1279 ſtanden hatte. Sie nahmen dies Anbieten mit
206 1277 900 1336 Freuden an, u am 28ſten Aug. 1756 wurde der
202 1330 880 1394 Grundſtein zu der Kapelle in Bristol gelegt.
831 1383 884 1439 Die
