1000 1640
101 109 653 192 Erzgebürge, Franken p. 1805.
707 127 778 180 219.
43 185 683 259 en Freund, den Er ihm jezt zuführte,
42 242 742 308 ſolche Worte ſagen laßen, die ihm u. ſeiner
47 298 727 361 Frau geſegnet wären. Ferner ſagte er:
46 350 728 417 Jch habe den Hld lange vergeblich an mein
41 399 730 475 Herz anklopfen laſſen, ehe ich ihm aufthat,
42 460 724 522 nun aber will ich ihm treulich folgen, un⸗
47 517 727 576 geachtet es mir von meinen in dieſer Ab⸗
46 561 711 631 ſicht anders denkenden Verwandten u.
43 618 725 684 Bekanten nicht wenig erſchweret wird.
49 671 722 741 Jch kan aber noch nicht ſagen, daß mir in
47 725 723 794 Abſicht meiner Seligkeit ſchon ein blei⸗
49 778 704 848 bender Trost zu Theil geworden iſt. Jch
51 835 723 902 fühle noch oft mein Verderben ſo ſtark,
51 887 731 960 daß ich glaube, der Hld wolle mich nicht ha⸗
48 945 730 1007 ben. Er wurde darauf von mir liebreich
50 996 732 1063 bedeutet, daß der Hld im̅er mit Liebe u.
52 1051 730 1121 Erbarmen auf diejenigen blicke, die ſich
51 1110 727 1173 mühſelig u. beladen fühlen; wir verſä⸗
52 1160 727 1228 hen es dadurch ſehr oft, daß wir zu viel
54 1209 734 1281 auf unſer Elend ſehen, u. hingegen zu we⸗
54 1268 723 1329 nig auf den Hld u. die uns durch ihn am
55 1316 727 1394 Creuz erworbene Gnade mit dem Auge
666 1358 727 1407 des
