1000 1643
153 124 231 188 106.
252 127 943 192 Berichte Engliſcher Gemeinen, 1804 u 1805.
224 216 921 276 Mädchen, welche in der hieſigen Son̅tagsſchule Un⸗
217 272 918 330 terricht erhalten, beläuft ſich auf 200, u man
219 326 905 384 kan̅ hoffen, daß hier vielen von ihnen nicht
221 378 921 435 nur der Schulunterricht, ſondern auch die Gele⸗
219 432 919 489 genheit, die ſie haben, auf unſerm Saale das
218 484 924 538 Wort Gottes zu hören, von wahrem u bleibenden
219 543 916 596 Nutzen ſeyn wird. Den Kindern, welche in der
219 595 921 651 Penſions⸗Knäbchen⸗Anſtalt zu Fulneck erzogen
220 644 916 704 werden, wird in demſelben Bericht das Zeugniß
217 701 926 760 ertheilt, daß der größte Theil derſelben den bey
213 758 923 818 ihnen angeſtellten Brüdern durch ihr ganzes Be⸗
211 813 926 871 tragen Freude mache. Bei verſchiedenen von de⸗
212 863 936 933 nen, welche in dieſem Jahre nach Hauſe zurückkehrten,
210 923 935 977 merkte man an der Rührung, mit welcher ſie von
214 975 921 1030 hier abreiſten, daß ſie ein dankbares Andenken
212 1027 928 1088 an alles das Gute, was ſie hier genoſſen haben, mit
214 1082 401 1140 ſich nehmen.
261 1132 911 1193 Am Feſte der größern Knaben gaben die
207 1190 919 1248 Claſſen, welche dieſem Chore gehalten wurden, Gele⸗
210 1241 918 1301 genheit, eine beträchtliche Anzahl von Knaben, die
207 1297 924 1356 ſich aus der Nachbarſchaft eingefunden hatten, lieb⸗
205 1349 908 1418 reich u ernſtlich zu ermahnen, ihre Fragen dem
863 1391 906 1444 Hei⸗
