1000 1642
84 122 765 178 Von Stockholm 1801, 1802 u 1803.
777 135 822 195 51.
83 209 760 277 6ten Auguſt in Ösiö, bey der Freyfrau v. Boje,
74 269 763 331 an. Jn dieſer Gegend hatte ſeit kurzem ein
72 317 772 383 Schuhmacher aus Stockholm unter dem Landvolke
72 374 769 441 mehrere ſeparatiſtiſche Jdeen nebſt Prophezeihun-
80 426 768 490 gen über die Zukunft Chriſti verbreitet, wo⸗
75 478 766 547 durch leider viele von der Einfalt verrückt
80 530 770 598 worden waren. Jch ſuchte dieſe Leute, die ſich
82 589 777 656 ſonſt in einem erfreulichen Herzensgange be⸗
82 644 764 709 funden haben, theils in Privatgeſprächen,
82 696 770 761 theils in einer Anrede, die ich am 7ten in
83 749 778 811 einem Bauernhauſe an etliche u vierzig Per⸗
83 799 777 871 ſonen hielt, von der Schädlichkeit ſolcher Ver⸗
82 855 780 924 irrungen zu überzeugen, u ſie darauf zu
86 909 775 976 führen, daß der lebendige Glaube an die
85 960 781 1032 große Geſchichte von dem, was unſer Heiland
84 1017 783 1083 zum Heile der Menſchen bereits ausgerichtet
87 1069 775 1135 hat, allein es iſt, der uns unſre Seligkeit
88 1124 784 1193 gewiß macht, u uns auch nach unſerer Begna⸗
86 1177 774 1246 digung wachſam erhält. Am Son̅tage, d. 8ten
89 1232 782 1294 hatte ich, auf Veranſtaltung der Freyfrau
85 1287 785 1344 v. Boje, abermals Gelegenheit, an eine Geſell⸗
88 1337 786 1402 ſchaft von ungefähr 250 Perſonen auf einer
697 1383 785 1444 Wieſe
