<?xml version="1.0" encoding="utf-8"?>
<pc:PcGts xmlns:pc="http://schema.primaresearch.org/PAGE/gts/pagecontent/2019-07-15" xmlns:xsi="http://www.w3.org/2001/XMLSchema-instance" xsi:schemaLocation="http://schema.primaresearch.org/PAGE/gts/pagecontent/2019-07-15 http://schema.primaresearch.org/PAGE/gts/pagecontent/2019-07-15/pagecontent.xsd" pcGtsId="GT-OCR-GN_1806_1__GN.A.351__208_53b40">
  <pc:Metadata externalRef="https://images.iiif.slub-dresden.de/iiif/2/data%2Fkitodo%2FNachaudeB_1745047107_1806_1%2FNachaudeB_1745047107_1806_1_tif%2Fjpegs%2F00000209.tif.medium.jpg/full/full/0/default.jpg">
    <pc:Creator>escriptorium</pc:Creator>
    <pc:Created>2024-01-26T14:55:57.215751Z</pc:Created>
    <pc:LastChange>2024-01-26T14:55:57.215763Z</pc:LastChange>
    <pc:MetadataItem type="processingStep" name="recognition/post-correction" value="ocrd-cor-asv-ann-join">
      <pc:Labels externalModel="ocrd-tool" externalId="parameters">
        <pc:Label value="False" type="add-filegrp-comments"/>
      </pc:Labels>
      <pc:Labels externalModel="ocrd-tool" externalId="version">
        <pc:Label value="0.1.14" type="ocrd-cor-asv-ann-join"/>
        <pc:Label value="2.60.2.dev0+gac1f15b3.d20240125" type="ocrd/core"/>
      </pc:Labels>
    </pc:MetadataItem>
  </pc:Metadata>
  <pc:Page imageFilename="208_53b40_default.jpg" imageWidth="1000" imageHeight="1640">
    <pc:TextRegion id="eSc_textblock_95acb81e" custom="structure {type:text;}">
      <pc:Coords points="788,134 788,170 756,184 744,207 726,338 733,403 715,462 741,721 726,902 744,1009 737,1245 748,1325 733,1402 563,1387 113,1402 61,1394 47,1380 40,207 65,174 72,123 98,102 319,105 358,91"/>
      <pc:TextLine id="eSc_line_676f687c" custom="structure {type:default;}">
        <pc:Coords points="639,119 630,118 621,117 612,116 611,115 591,119 567,112 566,112 565,112 564,112 563,112 563,112 554,122 550,125 507,125 500,122 480,111 479,111 478,111 444,112 443,112 418,123 407,127 387,126 381,123 362,113 361,113 338,113 337,113 336,113 318,123 308,129 291,129 282,124 264,114 263,114 262,114 214,115 213,115 212,115 199,124 191,131 160,126 159,126 121,132 112,125 104,120 103,120 103,120 102,120 101,120 83,125 84,164 84,187 308,185 309,185 309,185 309,184 315,179 319,174 342,171 420,174 421,174 422,174 435,169 462,174 471,174 472,174 473,174 476,173 483,170 494,172 512,175 513,175 514,175 526,171 536,167 548,170 557,172 558,172 559,172 560,172 563,169 566,166 649,165 649,155 649,121 643,119 639,119"/>
        <pc:Baseline points="84,164 649,155"/>
        <pc:TextEquiv index="0">
          <pc:Unicode>Erzgebürge, Franken p. 1805.</pc:Unicode>
        </pc:TextEquiv>
      </pc:TextLine>
      <pc:TextLine id="eSc_line_5853e9b6" custom="structure {type:default;}">
        <pc:Coords points="779,133 770,133 761,132 752,131 742,130 737,129 697,129 697,157 697,169 727,169 738,174 747,181 748,181 749,181 750,182 782,182 782,157 782,133 779,133"/>
        <pc:Baseline points="697,157 782,157"/>
        <pc:TextEquiv index="0">
          <pc:Unicode>205.</pc:Unicode>
        </pc:TextEquiv>
      </pc:TextLine>
      <pc:TextLine id="eSc_line_f09ee351" custom="structure {type:default;}">
        <pc:Coords points="43,201 44,228 44,241 116,247 117,247 118,247 133,241 154,240 172,240 173,240 181,246 182,246 183,246 184,246 215,240 216,240 233,249 234,249 235,249 263,247 264,247 265,247 276,240 291,246 292,246 293,246 326,239 331,238 336,239 379,246 380,246 460,237 465,237 466,237 484,245 484,245 485,245 543,241 550,246 551,246 552,246 553,246 618,246 618,246 649,239 665,243 666,243 667,243 668,243 669,243 669,242 676,236 704,242 705,242 706,242 707,242 714,236 714,222 712,185 692,185 691,185 690,185 690,185 675,198 652,203 602,187 599,186 598,186 573,186 572,186 571,186 567,187 521,205 384,205 358,191 351,188 350,188 350,188 247,189 247,189 246,189 239,194 227,201 204,201 203,201 202,201 201,201 193,208 135,208 113,195 107,193 106,193 87,191 86,191 46,196 43,201"/>
        <pc:Baseline points="44,228 714,222"/>
        <pc:TextEquiv index="0">
          <pc:Unicode>An einem Prediger in einer Gegend</pc:Unicode>
        </pc:TextEquiv>
      </pc:TextLine>
      <pc:TextLine id="eSc_line_80f22fa6" custom="structure {type:default;}">
        <pc:Coords points="42,286 42,297 92,304 92,304 93,304 105,297 112,295 138,295 144,297 152,301 153,301 154,301 154,301 155,301 159,297 162,296 167,297 185,302 186,302 187,302 209,297 227,292 350,291 366,297 375,299 376,299 377,300 401,300 401,299 402,299 402,299 407,296 415,291 423,296 425,297 426,297 427,297 434,296 460,292 495,296 518,297 519,297 520,297 529,296 555,288 572,295 577,297 577,297 578,297 587,295 608,291 654,294 655,294 656,294 657,294 662,289 676,295 677,295 678,295 679,295 721,294 721,276 719,256 687,255 668,238 667,238 666,238 665,238 648,239 647,239 646,239 619,256 595,257 559,257 538,240 537,240 536,240 536,240 484,241 483,241 482,241 467,254 444,242 443,242 443,242 409,248 398,243 397,243 350,243 349,243 348,243 347,243 321,259 316,255 315,255 314,255 313,255 312,255 311,255 304,261 262,261 222,246 221,246 220,246 219,246 218,246 195,263 148,263 126,246 125,246 124,246 105,246 104,246 103,246 103,246 82,264 54,260 53,260 52,260 41,264 42,286"/>
        <pc:Baseline points="42,286 721,276"/>
        <pc:TextEquiv index="0">
          <pc:Unicode>nicht weit von Ulm fand ich einen Man̅,</pc:Unicode>
        </pc:TextEquiv>
      </pc:TextLine>
      <pc:TextLine id="eSc_line_3b3ce437" custom="structure {type:default;}">
        <pc:Coords points="41,338 41,348 68,355 69,355 70,355 81,349 91,356 92,356 92,356 93,356 94,356 95,356 95,355 103,348 103,348 119,348 195,348 203,352 204,352 205,352 206,352 206,352 207,352 213,347 235,347 270,346 271,346 291,356 292,356 293,356 294,356 332,346 355,353 356,353 415,354 416,354 417,354 436,344 460,352 461,352 462,352 463,352 480,347 500,352 501,352 502,352 595,348 596,348 597,348 604,343 628,350 628,350 629,350 630,350 631,350 643,341 645,341 676,348 677,348 678,348 679,348 684,342 684,328 681,301 630,304 624,302 595,290 594,290 593,290 561,294 560,294 559,294 559,295 553,300 539,291 538,291 537,291 536,291 488,294 487,294 486,294 481,299 470,295 469,295 468,295 445,299 428,293 427,293 426,293 425,293 424,293 406,306 402,309 380,309 377,307 363,295 362,295 361,295 360,295 360,295 323,305 309,295 309,295 308,295 307,295 291,296 290,296 289,296 275,308 272,311 250,311 246,308 228,297 227,297 226,297 201,297 200,297 199,297 198,297 193,301 165,297 164,297 164,297 163,297 144,311 140,314 88,314 84,312 72,302 72,302 71,302 70,302 69,302 41,311 41,338"/>
        <pc:Baseline points="41,338 684,328"/>
        <pc:TextEquiv index="0">
          <pc:Unicode>der voll Glaubensmuth u. ſehr heitern</pc:Unicode>
        </pc:TextEquiv>
      </pc:TextLine>
      <pc:TextLine id="eSc_line_3d652e18" custom="structure {type:default;}">
        <pc:Coords points="43,392 43,401 69,406 70,406 71,406 81,402 82,401 83,402 103,411 104,411 105,411 146,402 154,400 163,402 192,410 193,410 194,410 195,410 212,406 263,410 264,410 265,410 266,410 277,403 281,400 287,403 301,409 302,409 303,410 342,410 342,409 343,409 356,403 361,400 367,403 371,405 371,405 372,405 373,405 378,403 392,398 420,398 431,403 432,404 433,404 434,404 435,404 439,403 463,397 476,403 478,404 479,404 480,404 481,404 482,404 482,403 493,397 526,403 527,403 528,403 547,396 620,399 621,399 622,399 637,395 659,404 660,405 661,405 662,405 715,404 715,385 714,360 693,347 692,347 691,347 690,347 650,353 631,347 630,347 629,347 628,347 599,362 520,362 502,348 501,348 500,348 487,348 486,348 485,348 453,363 453,364 404,364 404,363 391,353 391,353 390,353 389,353 388,353 387,353 379,358 360,350 360,350 359,350 358,350 357,350 335,364 334,364 325,364 293,363 279,351 278,351 278,351 230,351 229,351 228,351 209,361 192,356 191,356 190,356 189,356 171,362 142,352 141,352 140,352 139,352 138,352 122,365 103,353 103,353 102,353 63,353 62,353 61,353 61,353 42,363 43,392"/>
        <pc:Baseline points="43,392 715,385"/>
        <pc:TextEquiv index="0">
          <pc:Unicode>Weſens iſt. Er wohnte vordem an der Ty⸗</pc:Unicode>
        </pc:TextEquiv>
      </pc:TextLine>
      <pc:TextLine id="eSc_line_bff49366" custom="structure {type:default;}">
        <pc:Coords points="45,450 45,463 147,457 155,462 161,466 162,466 163,466 164,466 164,466 177,461 192,457 205,461 216,465 216,465 217,466 247,466 247,465 248,465 260,460 264,459 268,460 279,463 280,463 281,463 282,463 290,460 299,454 315,459 328,462 329,462 329,462 330,462 340,458 350,453 360,458 371,462 372,462 373,462 374,462 375,462 381,457 386,452 407,452 424,456 446,461 447,461 448,461 473,455 474,455 477,455 515,460 515,460 516,460 536,454 544,451 547,453 550,456 551,456 552,456 553,456 554,456 561,453 567,451 587,452 655,458 656,458 707,450 707,438 704,414 686,416 683,414 670,402 669,402 668,402 654,400 653,400 652,400 651,400 633,415 630,418 593,419 575,419 572,417 552,402 551,402 550,402 549,402 548,402 536,407 529,402 528,402 527,402 526,402 481,403 480,403 479,403 464,414 451,404 450,404 449,404 400,404 399,404 398,404 381,410 352,407 351,407 350,407 350,407 329,421 328,423 298,423 294,422 283,418 282,418 281,418 280,418 279,418 271,422 269,424 208,424 207,424 184,409 183,409 182,409 164,409 164,409 163,409 162,409 136,424 113,410 112,410 111,410 110,410 109,410 76,427 44,427 45,450"/>
        <pc:Baseline points="45,450 707,438"/>
        <pc:TextEquiv index="0">
          <pc:Unicode>roler Grenze, u. hatte daſelbſt eine Ge⸗</pc:Unicode>
        </pc:TextEquiv>
      </pc:TextLine>
      <pc:TextLine id="eSc_line_80d0ecae" custom="structure {type:default;}">
        <pc:Coords points="44,505 44,518 100,516 103,518 109,522 110,522 111,522 112,522 113,522 113,522 118,518 120,516 250,511 257,514 268,519 268,519 301,521 302,521 321,520 322,520 338,512 345,509 354,512 366,515 367,515 368,515 369,515 385,511 391,510 394,511 412,518 413,518 414,518 471,517 472,517 473,517 482,509 484,506 503,505 558,505 562,507 578,515 579,515 580,515 639,514 684,503 685,492 682,471 612,471 611,471 589,454 588,454 587,454 546,454 545,454 515,455 515,455 514,455 506,461 498,456 497,456 496,456 495,456 439,461 415,457 414,457 413,457 412,457 404,463 397,458 396,458 395,458 375,458 374,458 373,458 372,458 350,474 346,477 340,474 325,469 324,469 323,469 322,469 321,469 313,474 298,461 298,461 297,461 271,460 270,460 269,460 233,476 224,480 43,479 44,505"/>
        <pc:Baseline points="44,505 685,492"/>
        <pc:TextEquiv index="0">
          <pc:Unicode>meine von etlichen tauſend Seelen zu</pc:Unicode>
        </pc:TextEquiv>
      </pc:TextLine>
      <pc:TextLine id="eSc_line_4f0da17c" custom="structure {type:default;}">
        <pc:Coords points="46,562 46,570 81,575 82,575 82,575 83,575 90,570 92,569 123,570 141,570 151,576 152,576 153,576 154,576 154,576 177,569 179,569 181,569 206,576 207,576 208,576 209,576 232,569 241,565 291,563 415,563 424,567 430,570 431,570 432,571 494,571 494,570 495,570 496,570 500,566 503,565 513,566 535,569 536,569 550,566 573,562 603,565 616,567 617,567 628,565 659,560 705,564 707,548 702,512 688,522 601,522 584,517 560,509 559,509 558,509 557,509 540,518 520,510 519,510 518,510 492,514 426,512 425,512 424,512 401,522 372,512 371,512 371,512 370,512 338,525 329,530 290,530 287,527 268,515 267,515 266,515 265,515 264,515 229,530 226,531 225,530 207,517 206,517 206,517 205,517 204,517 203,517 189,527 141,518 140,518 85,519 70,520 69,520 68,520 45,533 46,562"/>
        <pc:Baseline points="46,562 447,551 707,548"/>
        <pc:TextEquiv index="0">
          <pc:Unicode>bedienen, die an 84. Ortſchaften zer⸗</pc:Unicode>
        </pc:TextEquiv>
      </pc:TextLine>
      <pc:TextLine id="eSc_line_6b9a3cf2" custom="structure {type:default;}">
        <pc:Coords points="46,616 47,630 61,625 73,629 76,630 77,630 78,630 88,629 134,622 142,627 143,628 144,628 144,628 145,628 172,626 185,636 186,636 187,636 188,637 201,637 201,636 202,636 231,625 244,619 280,623 287,623 288,623 293,622 318,617 323,621 332,627 333,627 334,627 335,627 336,627 357,620 367,616 375,619 381,622 381,622 382,622 383,622 389,619 396,615 402,618 429,631 430,631 431,631 473,630 474,630 494,619 523,621 531,628 532,628 533,628 534,628 589,627 706,608 707,601 704,576 652,579 649,577 634,568 633,568 632,568 631,568 630,568 629,568 617,576 599,562 598,562 597,562 597,562 575,563 574,563 573,563 546,580 542,583 432,584 413,584 394,582 375,567 374,567 373,567 372,567 319,574 318,574 317,574 300,586 299,586 247,570 246,570 245,570 229,571 228,571 227,571 210,584 184,577 183,577 182,577 168,579 160,573 159,573 158,573 157,573 82,574 82,574 45,591 46,616"/>
        <pc:Baseline points="46,616 707,601"/>
        <pc:TextEquiv index="0">
          <pc:Unicode>streut wohnten. Vor ein paar Jahren</pc:Unicode>
        </pc:TextEquiv>
      </pc:TextLine>
      <pc:TextLine id="eSc_line_ea1e17ef" custom="structure {type:default;}">
        <pc:Coords points="42,661 43,669 43,690 136,676 206,676 214,683 214,684 216,684 217,684 218,684 220,684 251,675 264,686 265,687 266,687 268,687 269,687 333,686 335,686 336,686 336,684 337,684 344,677 369,683 380,686 381,686 403,683 430,679 451,681 470,684 471,684 473,684 474,684 474,683 477,681 484,676 492,680 492,681 493,681 495,681 496,681 506,680 564,671 586,679 588,679 589,679 590,679 592,679 608,669 746,675 748,658 745,630 727,630 711,613 711,612 709,612 708,612 662,612 660,612 571,631 570,632 560,632 548,632 534,620 533,620 532,620 530,620 529,620 508,625 487,615 485,615 484,615 482,615 481,615 458,632 392,623 391,623 389,623 363,634 347,619 346,619 344,619 343,619 341,619 305,634 290,620 290,619 288,619 287,619 228,619 227,619 225,619 179,636 164,631 162,631 161,631 160,631 131,638 112,621 110,621 109,621 73,621 72,621 71,621 69,621 50,632 42,661"/>
        <pc:Baseline points="45,671 749,660"/>
        <pc:TextEquiv index="0">
          <pc:Unicode>fiel er dort bey Gelegenheit eines Kran⸗</pc:Unicode>
        </pc:TextEquiv>
      </pc:TextLine>
      <pc:TextLine id="eSc_line_004f9f21" custom="structure {type:default;}">
        <pc:Coords points="42,702 43,725 43,738 81,734 89,738 93,740 94,740 95,740 96,740 105,738 114,735 118,738 121,739 122,739 123,739 123,739 144,737 162,735 175,737 194,738 195,738 195,738 196,738 199,736 207,730 262,730 319,734 340,735 341,735 342,735 343,735 343,734 345,733 350,728 358,733 360,734 361,734 362,734 412,733 422,732 462,725 494,725 504,730 505,730 505,730 506,730 507,730 508,730 508,729 515,724 538,724 556,729 557,729 558,729 559,729 560,729 561,729 571,723 614,727 615,727 616,727 631,722 641,727 642,727 643,727 674,720 686,725 687,725 688,725 689,725 690,725 697,719 724,726 726,708 724,680 702,680 683,666 682,666 681,666 680,666 639,667 638,667 616,675 574,671 573,671 572,671 571,671 560,679 520,670 519,670 518,670 496,678 483,672 482,672 481,672 480,672 479,672 457,686 447,686 431,674 430,674 429,674 428,674 427,674 426,674 408,687 394,687 376,674 375,674 374,674 346,674 345,674 344,674 307,690 250,690 232,677 231,677 230,677 195,677 194,677 169,678 168,678 143,690 131,683 130,683 129,683 128,683 127,683 126,683 108,695 80,695 70,687 69,687 68,687 67,687 66,687 43,695 42,702"/>
        <pc:Baseline points="43,725 726,708"/>
        <pc:TextEquiv index="0">
          <pc:Unicode>kenbeſuchs vom Pferde, u. brach das Bein.</pc:Unicode>
        </pc:TextEquiv>
      </pc:TextLine>
      <pc:TextLine id="eSc_line_370c56d8" custom="structure {type:default;}">
        <pc:Coords points="48,771 48,781 66,787 67,787 68,787 107,782 121,789 122,789 152,791 153,791 154,791 180,781 195,792 195,792 196,792 197,793 234,793 234,792 235,792 236,792 249,782 267,786 268,786 268,786 269,786 275,781 277,780 290,780 290,781 305,791 306,791 307,791 308,792 328,792 328,791 329,791 329,791 345,781 347,780 411,780 421,780 443,789 444,789 445,789 488,780 490,780 491,780 507,789 508,789 509,789 546,785 580,789 581,789 582,789 583,789 597,780 600,779 617,779 618,780 632,789 633,789 634,789 635,789 650,789 650,789 651,789 652,789 663,780 665,779 724,779 726,766 724,730 658,727 657,727 656,727 655,727 648,731 633,741 619,732 614,728 613,728 612,728 557,727 556,727 556,727 555,727 546,734 536,740 525,734 511,727 510,727 509,727 464,728 463,728 463,728 453,736 439,747 408,741 407,741 406,741 384,748 329,748 314,738 299,729 298,729 298,729 297,729 296,729 275,739 257,749 191,749 177,742 176,742 175,742 175,742 158,750 130,750 117,743 93,732 92,732 72,731 72,731 71,731 47,743 48,771"/>
        <pc:Baseline points="48,771 726,766"/>
        <pc:TextEquiv index="0">
          <pc:Unicode>Da er lange liegen mußte, ehe ihm Hül⸗</pc:Unicode>
        </pc:TextEquiv>
      </pc:TextLine>
      <pc:TextLine id="eSc_line_e7613284" custom="structure {type:default;}">
        <pc:Coords points="48,828 49,848 58,843 90,844 91,844 92,844 92,844 100,839 109,846 111,848 112,848 113,848 113,848 145,847 146,847 147,847 149,845 159,836 180,836 304,840 305,840 306,840 319,834 330,840 340,844 341,844 342,845 378,845 378,844 424,837 452,832 467,835 500,842 501,842 502,842 503,842 503,841 511,834 513,833 531,833 651,838 652,838 653,838 670,830 670,829 710,828 710,819 707,798 663,801 647,799 619,793 608,784 607,784 606,784 582,784 581,784 580,784 579,784 579,785 573,790 551,785 550,785 549,785 548,785 547,785 528,799 514,797 513,797 512,797 503,801 498,804 467,804 463,802 440,787 439,787 438,787 404,787 403,787 402,787 402,787 379,804 375,806 357,804 323,801 322,801 321,801 314,805 309,808 240,808 234,807 202,800 201,800 200,800 176,808 173,809 169,808 157,806 140,790 139,790 138,790 113,790 113,790 74,791 73,791 72,791 47,808 48,828"/>
        <pc:Baseline points="48,828 710,819"/>
        <pc:TextEquiv index="0">
          <pc:Unicode>fe, u. zwar nur eine ſehr unvollkom̅ene</pc:Unicode>
        </pc:TextEquiv>
      </pc:TextLine>
      <pc:TextLine id="eSc_line_b1327201" custom="structure {type:default;}">
        <pc:Coords points="48,883 48,903 73,903 73,902 74,902 75,902 95,893 134,901 140,902 141,902 142,902 143,902 144,901 154,892 241,896 242,896 243,896 258,890 365,889 388,895 390,895 391,895 391,895 392,895 393,895 402,890 411,894 414,896 415,896 416,896 468,895 469,895 470,895 472,893 475,890 482,892 484,893 484,893 485,893 494,892 524,889 529,891 533,893 534,893 535,893 536,893 540,891 551,886 567,891 574,892 575,892 576,892 630,891 631,891 638,889 651,883 660,889 661,889 662,889 663,889 664,889 665,889 665,888 671,882 711,887 712,871 710,844 644,845 643,845 618,833 617,833 616,833 615,833 598,840 590,833 589,833 588,833 587,833 554,840 520,834 519,834 483,835 482,835 481,835 459,849 458,849 454,849 440,847 427,836 426,836 425,836 424,836 423,836 422,836 400,850 399,850 375,850 373,850 354,842 353,842 352,842 351,842 329,848 298,839 298,839 297,839 296,839 295,839 278,851 243,852 240,852 207,840 206,840 206,840 205,840 185,848 162,841 161,841 160,841 159,841 127,855 108,842 107,842 106,842 93,842 92,842 80,843 79,843 78,843 62,856 62,857 47,857 48,883"/>
        <pc:Baseline points="48,883 712,871"/>
        <pc:TextEquiv index="0">
          <pc:Unicode>geleiſtet werden konte, ſo mußte ihm in</pc:Unicode>
        </pc:TextEquiv>
      </pc:TextLine>
      <pc:TextLine id="eSc_line_7b5712d7" custom="structure {type:default;}">
        <pc:Coords points="48,939 49,956 66,947 77,952 78,952 79,952 123,946 146,954 149,955 150,955 151,956 180,956 180,955 181,955 185,953 205,944 234,953 235,953 236,953 237,953 237,953 238,953 274,943 301,949 302,949 336,942 364,943 372,950 373,951 374,951 375,951 376,951 427,950 428,950 431,949 448,939 477,946 478,946 479,946 480,946 494,940 523,943 524,943 556,938 589,944 590,945 621,945 651,945 651,944 652,944 653,944 680,934 690,943 690,943 691,943 692,943 713,943 714,925 711,904 691,904 661,888 660,888 659,888 659,888 658,888 632,906 630,907 487,911 444,911 444,910 422,892 422,892 421,892 420,892 390,894 389,894 388,894 379,902 347,894 346,894 345,894 232,896 231,896 230,896 206,913 183,897 182,897 181,897 180,897 179,897 154,911 131,906 130,906 129,906 115,912 90,899 89,899 88,899 72,900 71,900 70,900 47,915 48,939"/>
        <pc:Baseline points="48,939 714,925"/>
        <pc:TextEquiv index="0">
          <pc:Unicode>der Folge das Bein abgenomen werden.</pc:Unicode>
        </pc:TextEquiv>
      </pc:TextLine>
      <pc:TextLine id="eSc_line_41419530" custom="structure {type:default;}">
        <pc:Coords points="47,994 49,1010 58,1004 101,1003 117,1008 124,1011 125,1011 126,1011 127,1011 134,1008 149,1002 222,1006 251,1008 252,1008 253,1008 257,1005 270,999 308,1002 309,1002 339,997 369,1004 378,1005 379,1005 380,1005 381,1005 381,1004 382,1004 391,995 422,995 523,995 532,1001 534,1002 535,1002 536,1002 536,1002 610,1000 617,999 646,992 722,996 724,981 721,943 673,947 663,943 659,943 659,943 658,943 657,943 654,944 628,958 606,945 602,943 601,943 588,943 587,943 587,943 579,946 547,959 526,958 510,948 506,945 505,945 505,945 504,945 482,946 481,946 480,946 476,949 458,963 323,964 313,959 312,959 311,959 310,959 289,960 281,954 277,951 276,951 275,951 274,951 235,953 234,953 233,953 229,956 219,964 213,961 212,961 211,961 210,961 209,961 198,968 182,968 164,958 155,953 154,953 154,953 153,953 143,958 122,970 108,970 96,960 90,954 89,954 88,954 87,954 46,961 47,994"/>
        <pc:Baseline points="47,994 470,984 724,981"/>
        <pc:TextEquiv index="0">
          <pc:Unicode>Von seiner Gemeine wurde er ſo geliebt,</pc:Unicode>
        </pc:TextEquiv>
      </pc:TextLine>
      <pc:TextLine id="eSc_line_2d5a521e" custom="structure {type:default;}">
        <pc:Coords points="52,1046 52,1057 89,1066 90,1066 91,1066 115,1057 116,1057 126,1062 127,1062 128,1062 179,1057 200,1063 201,1063 202,1063 203,1063 224,1056 231,1055 241,1056 278,1064 278,1064 319,1055 338,1052 422,1052 435,1055 443,1057 444,1057 445,1057 456,1055 473,1051 477,1055 484,1060 484,1060 485,1060 486,1061 500,1061 500,1060 501,1060 502,1060 507,1055 513,1051 517,1055 518,1055 519,1055 520,1055 521,1055 530,1055 549,1052 553,1055 559,1059 560,1059 561,1059 562,1059 609,1058 610,1058 621,1054 635,1048 644,1054 649,1057 650,1057 651,1057 652,1058 677,1058 677,1057 678,1057 679,1057 683,1054 689,1049 696,1054 699,1055 700,1055 701,1055 701,1055 704,1054 714,1049 734,1053 735,1035 733,1015 688,1005 687,1005 686,1005 685,1005 671,1015 671,1016 545,1017 543,1017 515,999 514,999 513,999 512,999 511,999 510,999 488,1017 487,1018 467,1018 445,1017 422,1001 422,1001 421,1001 420,1001 419,1001 392,1009 369,1001 368,1001 367,1001 366,1001 365,1001 357,1008 334,1002 333,1002 286,1002 285,1002 284,1002 271,1007 254,1004 253,1004 252,1004 251,1004 236,1016 194,1014 181,1004 180,1004 179,1004 178,1004 141,1004 140,1004 128,1011 77,1005 76,1005 75,1005 74,1005 51,1019 52,1046"/>
        <pc:Baseline points="52,1046 735,1035"/>
        <pc:TextEquiv index="0">
          <pc:Unicode>daß ſich viele Hunderte während gedachter</pc:Unicode>
        </pc:TextEquiv>
      </pc:TextLine>
      <pc:TextLine id="eSc_line_5587bc7f" custom="structure {type:default;}">
        <pc:Coords points="51,1098 51,1120 109,1116 110,1116 111,1116 117,1110 141,1114 142,1114 143,1114 156,1108 276,1108 301,1115 302,1115 303,1115 304,1115 305,1115 307,1115 339,1106 357,1113 358,1113 359,1113 360,1113 376,1105 399,1111 400,1111 401,1111 402,1111 425,1104 441,1111 444,1113 445,1113 446,1114 468,1114 468,1113 516,1112 517,1112 527,1109 548,1103 574,1108 587,1110 587,1110 588,1110 594,1107 602,1104 612,1107 621,1110 622,1110 623,1110 624,1110 625,1110 628,1107 638,1100 729,1104 730,1086 727,1067 615,1069 607,1067 554,1051 553,1051 519,1051 518,1051 517,1051 516,1051 494,1067 487,1072 465,1073 449,1073 442,1067 428,1057 427,1057 426,1057 425,1057 409,1059 402,1054 401,1054 400,1054 399,1054 341,1055 340,1055 340,1055 329,1062 298,1055 298,1055 297,1055 296,1055 277,1067 268,1073 253,1067 221,1056 220,1056 219,1056 187,1063 183,1059 182,1059 181,1059 180,1059 179,1059 178,1059 165,1067 149,1078 119,1078 103,1068 89,1059 88,1059 87,1059 86,1059 50,1067 51,1098"/>
        <pc:Baseline points="51,1098 730,1086"/>
        <pc:TextEquiv index="0">
          <pc:Unicode>Operation in der Kirche aufhielten, u. um</pc:Unicode>
        </pc:TextEquiv>
      </pc:TextLine>
      <pc:TextLine id="eSc_line_3509b473" custom="structure {type:default;}">
        <pc:Coords points="50,1152 50,1162 97,1173 98,1174 144,1174 144,1173 226,1161 238,1159 268,1159 271,1160 281,1166 282,1166 283,1167 305,1167 305,1166 306,1166 307,1166 315,1160 316,1159 316,1160 326,1167 327,1167 328,1167 329,1167 329,1167 330,1167 340,1159 344,1158 365,1158 370,1159 383,1166 384,1166 385,1166 408,1162 415,1167 416,1167 417,1167 418,1167 419,1167 436,1158 443,1156 484,1158 505,1159 506,1159 516,1158 536,1155 548,1158 558,1160 559,1160 560,1160 575,1158 583,1156 588,1158 606,1163 607,1163 608,1163 608,1163 624,1157 626,1157 628,1157 651,1163 652,1163 653,1163 709,1156 709,1139 705,1103 658,1116 618,1116 604,1106 603,1106 602,1106 601,1106 600,1106 597,1107 588,1108 583,1107 570,1103 569,1103 568,1103 567,1103 553,1107 550,1108 548,1108 536,1104 535,1104 534,1104 502,1108 501,1108 500,1108 499,1109 488,1117 457,1111 424,1105 423,1105 422,1105 422,1105 411,1113 400,1120 376,1120 357,1115 330,1107 329,1107 329,1107 328,1107 308,1117 297,1122 280,1123 264,1123 258,1118 247,1108 246,1108 245,1108 244,1108 206,1109 205,1109 204,1109 195,1116 184,1110 183,1110 144,1110 143,1110 142,1110 141,1110 128,1119 99,1111 98,1111 97,1111 96,1111 69,1125 66,1126 49,1126 50,1152"/>
        <pc:Baseline points="50,1152 709,1139"/>
        <pc:TextEquiv index="0">
          <pc:Unicode>die Erhaltung ſeines Lebens beteten. Er</pc:Unicode>
        </pc:TextEquiv>
      </pc:TextLine>
      <pc:TextLine id="eSc_line_cb200c9e" custom="structure {type:default;}">
        <pc:Coords points="52,1205 52,1222 89,1215 120,1221 126,1222 127,1222 140,1221 202,1213 243,1219 255,1220 256,1220 257,1220 264,1219 278,1215 293,1218 301,1219 302,1219 303,1219 309,1218 327,1212 344,1217 350,1219 350,1219 351,1219 373,1219 373,1219 374,1219 375,1219 378,1217 384,1212 391,1216 396,1219 397,1219 398,1219 427,1219 427,1219 462,1215 509,1209 524,1214 534,1217 535,1217 536,1217 536,1217 547,1213 555,1211 589,1212 635,1214 636,1214 637,1214 643,1211 649,1209 672,1211 710,1215 711,1215 711,1215 729,1209 729,1197 727,1158 690,1155 690,1155 689,1155 688,1155 681,1159 661,1175 644,1175 621,1162 618,1159 617,1159 616,1159 615,1159 614,1159 613,1159 609,1162 602,1168 596,1163 585,1156 584,1156 583,1156 582,1156 561,1157 560,1157 559,1157 546,1165 527,1177 501,1178 460,1178 430,1168 391,1158 390,1158 389,1158 320,1164 307,1159 306,1159 305,1159 304,1159 303,1159 291,1168 266,1171 257,1165 256,1165 255,1165 254,1165 253,1165 245,1168 215,1160 214,1160 213,1160 212,1160 211,1160 200,1169 168,1169 167,1169 166,1169 165,1169 151,1178 148,1181 51,1182 52,1205"/>
        <pc:Baseline points="52,1205 729,1197"/>
        <pc:TextEquiv index="0">
          <pc:Unicode>verſicherte mich auch, daß er in ſeinem Le⸗</pc:Unicode>
        </pc:TextEquiv>
      </pc:TextLine>
      <pc:TextLine id="eSc_line_6ee116c9" custom="structure {type:default;}">
        <pc:Coords points="51,1261 51,1271 84,1277 85,1277 114,1271 137,1277 138,1277 139,1277 166,1271 187,1277 188,1277 189,1277 190,1277 206,1271 222,1276 223,1276 224,1276 225,1276 226,1276 234,1270 265,1276 266,1276 294,1271 312,1283 313,1283 314,1283 315,1284 329,1284 329,1283 330,1283 331,1283 345,1273 361,1282 362,1282 363,1283 384,1283 384,1282 385,1282 386,1282 399,1272 420,1281 421,1281 422,1281 502,1280 503,1280 504,1280 515,1270 567,1279 567,1279 568,1279 620,1262 645,1272 646,1272 647,1272 648,1272 690,1260 692,1260 719,1260 720,1249 717,1209 680,1216 680,1216 679,1216 663,1226 640,1211 638,1209 637,1209 636,1209 619,1209 618,1209 545,1211 544,1211 535,1216 525,1220 519,1217 515,1214 515,1214 514,1214 513,1214 512,1214 503,1217 499,1219 495,1218 489,1215 488,1215 487,1215 486,1215 479,1219 465,1224 455,1219 448,1216 447,1216 446,1216 445,1216 444,1216 440,1219 426,1232 354,1232 328,1224 298,1216 298,1216 297,1216 296,1216 295,1216 280,1227 269,1235 162,1236 154,1231 144,1224 143,1224 142,1224 123,1224 122,1224 121,1224 120,1224 110,1231 96,1220 95,1220 94,1220 70,1220 69,1220 68,1220 67,1220 50,1233 51,1261"/>
        <pc:Baseline points="51,1261 720,1249"/>
        <pc:TextEquiv index="0">
          <pc:Unicode>ben keine ſo ſelige Zeit gehabt habe, als</pc:Unicode>
        </pc:TextEquiv>
      </pc:TextLine>
      <pc:TextLine id="eSc_line_476e98ea" custom="structure {type:default;}">
        <pc:Coords points="48,1313 48,1325 206,1322 212,1323 231,1328 232,1328 233,1328 234,1328 253,1323 335,1326 336,1326 337,1326 350,1320 350,1320 364,1325 365,1325 366,1325 424,1318 431,1318 432,1318 442,1323 443,1323 443,1323 444,1323 460,1318 463,1317 467,1317 497,1322 498,1322 528,1316 535,1315 541,1316 580,1321 581,1321 582,1321 600,1316 710,1319 711,1319 711,1319 728,1312 728,1301 723,1265 701,1280 677,1267 676,1267 675,1267 674,1267 587,1268 586,1268 577,1271 547,1286 385,1289 368,1281 350,1272 350,1272 349,1272 348,1272 347,1272 331,1282 325,1287 319,1282 308,1273 307,1273 306,1273 305,1273 261,1274 260,1274 259,1274 249,1282 239,1275 238,1275 237,1275 192,1275 191,1275 190,1275 164,1290 159,1292 137,1291 93,1287 92,1287 47,1294 48,1313"/>
        <pc:Baseline points="48,1313 728,1301"/>
        <pc:TextEquiv index="0">
          <pc:Unicode>in dem Vierteljahr von ſeinem Beinbruch</pc:Unicode>
        </pc:TextEquiv>
      </pc:TextLine>
      <pc:TextLine id="eSc_line_93fd90c5" custom="structure {type:default;}">
        <pc:Coords points="55,1370 55,1382 163,1390 164,1390 164,1390 186,1383 204,1389 205,1389 206,1389 206,1389 207,1389 219,1382 231,1388 232,1388 233,1388 339,1385 340,1385 354,1378 360,1375 370,1378 389,1384 390,1384 391,1384 391,1384 409,1378 413,1376 420,1378 429,1380 430,1380 431,1380 444,1377 469,1373 491,1377 513,1381 514,1381 515,1381 525,1376 535,1373 556,1376 564,1377 565,1377 566,1377 568,1376 581,1370 639,1375 665,1377 666,1377 667,1377 676,1374 701,1367 731,1373 731,1353 728,1322 697,1333 637,1334 622,1325 613,1319 612,1319 611,1319 580,1317 579,1317 578,1317 556,1327 535,1338 468,1339 451,1331 435,1323 434,1323 433,1323 432,1323 432,1323 421,1332 410,1341 355,1342 337,1335 310,1324 309,1324 309,1324 308,1324 286,1331 262,1323 261,1323 260,1323 259,1323 258,1323 237,1338 210,1324 209,1324 208,1324 157,1326 156,1326 155,1326 144,1336 125,1327 124,1327 92,1327 92,1327 73,1328 72,1328 72,1328 53,1341 55,1370"/>
        <pc:Baseline points="55,1370 731,1353"/>
        <pc:TextEquiv index="0">
          <pc:Unicode>bis zu der Ablöſung des Beins. Da er ſeit</pc:Unicode>
        </pc:TextEquiv>
      </pc:TextLine>
      <pc:TextLine id="eSc_line_c1cf46de" custom="structure {type:default;}">
        <pc:Coords points="668,1392 668,1404 729,1406 730,1392 730,1373 720,1373 709,1363 709,1362 708,1362 707,1362 687,1361 686,1361 685,1361 684,1361 668,1372 668,1392"/>
        <pc:Baseline points="668,1392 730,1392"/>
        <pc:TextEquiv index="0">
          <pc:Unicode>die⸗</pc:Unicode>
        </pc:TextEquiv>
      </pc:TextLine>
    </pc:TextRegion>
  </pc:Page>
</pc:PcGts>
