1000 1643
147 120 221 175 152.
210 113 913 169 Schreiben des Br. v. Foreſtier, Philadelphia 1806.
267 188 899 249 Welche Freude uns Briefe aus Europa
215 247 911 303 machen werden, laßt ſich beſſer denken, als
213 300 915 353 ausdrücken. Es vergeht kein Tag, da wir nicht
210 346 928 413 an unſre l. Geſchwiſter in zärtlicher Liebe den⸗
210 404 919 463 ken, u uns auf die freilich noch entfernte Stunde
207 457 916 520 des Wiederſehens im Geiſte unausſprechlich freuen.
272 510 926 576 Es ist ſo heiß, daß das Schreiben ſchwer fällt,
211 565 917 627 u es ist auch, als wen̅ man nicht zuſam̅enhängend
212 616 435 666 denken kön̅te.
240 671 922 733 Die Erndte iſt ſo ſchön ausgefallen, daß man
212 727 917 788 ſich eine dergleichen in langer Zeit nicht zu erin⸗
204 782 913 845 nern weiß. Möchte ſie doch auch in Deutſchland ſo
210 836 505 900 gut geweſen ſeyn!
238 896 912 962 Endlich muß ich wol schließen, da ich ohnehin
208 950 686 1013 alle Augenblicke geſtört werde.
