1000 1640
80 103 651 189 Erzgebürge, Franken p. 1805.
693 113 764 174 217.
30 181 713 253 folgenden Tage mußte ich nebſt dem HE.
28 243 711 305 v. Seckendorf u. deſſen Secretair, HE. Me⸗
30 289 724 364 bold, in deren Geſellſchaft ich die Reiſe von
29 347 683 422 Regensburg hieher gemacht hatte, bey
30 402 722 476 ihm frühſtücken; wobey er nur bedauerte,
32 457 711 528 daß er wegen ſeines diesjährigen Rec⸗
32 511 706 582 torats ſo oft aus unſrer Geſellſchaft
33 569 717 644 abgerufen würde, u. ſich deswegen nicht
38 622 713 692 nach Wunſch mit uns unterhalten könte.
38 677 720 748 Er beſchenkte mich mit zwey Bändchen ſei⸗
41 730 719 797 ner gedrukten Reden u. einem Bändchen
42 785 731 851 ſeiner Briefe. – Nach meiner Zurückkunft
42 834 736 906 nach Regensburg hatte ich einen Beſuch von
42 891 721 957 einem daſigen Schulmeiſter, welcher den
44 945 742 1012 Verſam̅lungen der Erwekten beygewohnt
48 1002 737 1065 hatte. Er bedauerte, daß er ſeiner vielen
46 1050 737 1127 Geſchäfte halber nicht ausführlich mit mir
49 1109 722 1175 reden konte; er übergab mir aber einen
46 1154 749 1227 Brief, in welchem er ein ſchönes Glaubens⸗
46 1209 721 1281 beken̅tniß ablegt, u. ſeinen Sinn dahin zu
49 1261 726 1334 erken̅en gibt, daß Jeſus Chriſtus als der
50 1317 724 1394 Gekreuzigte der Grund ſeines Glaubens
678 1365 725 1400 u.
