1000 1642
83 102 760 161 Von Stockholm 1801, 1802 u 1803.
782 120 830 171 33.
68 181 769 249 Umſtände im Kreiſe ſeiner eigenen Familie ſei⸗
66 239 763 302 ne Unterſtützung verlangt hätten. Auf alles
65 290 758 356 Gute, was er that, legte er ſelbst keinen Werth,
69 343 760 410 u die Gesin̅ung ſeines Herzens war in dem
71 398 760 462 Verſe ausgedrückt, den er oft anzuführen
73 453 764 522 pflegte: Chriſti Blut u Gerechtigkeit, das iſt
62 508 749 570 mein Schmuck und Ehrenkleid, damit will ich vor
67 559 753 626 Gott beſtehn, wen̅ ich im Him̅el werd' eingehn.
73 614 764 678 Ungeachtet er in ſeinen letzten Jahren eine
75 660 786 733 seltſame Lebensart erwählt hatte, ſeine Stube
74 717 788 785 niemals verließ, u ſich ſelbst die gewöhnlichſten
80 775 782 843 Bedürfniſſe u Bequemlichkeiten des Lebens
78 825 771 900 verſagte: ſo erreichte er doch ein geſundes u
83 883 779 948 heiteres Alter, u man fand ihn im̅er mun
82 931 786 998 ter u aufgeräumt. Sein letztes vierteljähriges
87 988 783 1053 Krankenlager war die Folge einer allmähligen
89 1045 772 1112 Entkräftung, bey welcher ihm die Wartezeit
88 1096 786 1164 auf die ſehnlich gewünſchte Vollendung manchmal
91 1150 775 1215 zu lang währen wollte. Für jeden Zuſpruch
90 1202 788 1263 ſeiner Brüder u Freunde war er von Herzen
92 1254 784 1318 dankbar. Er ging ſanft u unvermerkt in die
93 1304 779 1374 Arme ſeines Erlöſers über. Da der selige
672 1353 781 1394 Bruder
