1000 1642
201 114 280 169 318.
321 102 928 172 Jubil. des Einzugs der led. Schwn.
249 173 945 240 Gliedern an ſeinem Leibe in der Pfle⸗
249 225 945 301 ge des heil. Geiſtes gediehen! u. wie man⸗
249 290 935 346 che Dienerin̅en ſind zu ſeinem Gebrauch
250 339 941 403 ſowol unter Chriſten u. Heiden, als in an⸗
246 393 943 457 dern Gemeinen u. Chören hier zubereitet
247 449 931 512 worden! Eine große Zahl ſteht ſchon vor
250 509 938 562 ſeinem Angeſicht unter den vollendeten
244 555 916 623 Reihen, die ihm für die in dieſem Hauſe
250 615 734 672 genoſſenen Segen danken.
291 664 934 728 Er hat das Haus vor Feuer u. andern
245 724 895 787 Unglücksfällen gnädiglich bewahrt,
246 781 922 838 auch die in der Folge aufgeführten An⸗
244 834 910 893 baue eines Waſchhauſes u. einer Woh⸗
244 886 923 950 nung für die Kranken glücklich zu Stan⸗
245 944 897 1002 de kom̅en laßen. Jm Jahr 1781. wurde
242 998 905 1060 das ſogenan̅te Zayonſcheckiſche Haus
241 1051 922 1115 käuflich übernom̅en, u. noch ein Flügel
245 1109 925 1171 zwiſchen dieſem u. dem großen Hauſe
242 1161 474 1226 angebracht.
283 1212 920 1279 Gar viele Wunder der Barmherzig⸗
238 1268 913 1333 keit Gottes unſers Hlds könten ange⸗
241 1322 924 1392 führt werden, die er beym Beſtehen die⸗
852 1367 910 1415 ſes
