1000 1641
151 127 213 173 40.
220 116 880 166 Von Stockholm 1801, 1802 u 1803.
218 201 892 259 in brüderlicher Liebe aufgenom̅en, u durch
208 257 895 315 eine milde Collecte der Stockholmiſchen Ge⸗
208 311 892 370 ſchwiſter zu ſeiner weitern Reiſe in Stand
212 365 898 427 geſetzt. Er begab ſich hierauf nach Chriſtians⸗
211 419 899 474 feld, u von da nach Gnadau, wo er zu ſei⸗
207 472 899 532 ner großen Freude Erlaubniß, da zu bleiben,
210 526 903 584 erhielt, u auch zur Aufnahme in die Gemeine
209 581 897 639 u zum Genuß des heiligen Abendmahles mit
207 636 898 693 derſelben gelangte. Sein veränderliches Ge⸗
207 692 899 751 müth gab ihm ſchon im folgenden Jahre, nem-
207 744 898 800 lich 1793, ein, ſeine Verwandten in Fin̅land
207 800 903 859 zu beſuchen. Er gerieth aber auf der Oſtſee,
205 854 897 911 zwiſchen Lübeck u Kopenhagen, durch Sturm
202 905 891 968 u widrige Winde in ſolche Gefahr, daß er,
199 962 898 1020 als er erſt im August nach Kopenhagen kam,
199 1014 898 1075 es nicht wagte, ſeine Reiſe fortzuſetzen, ſon⸗
200 1071 895 1126 dern nach Gnadau zurückkehrte. Gleichwol
199 1124 891 1182 begab er ſich im Jahre 1794 wieder auf die
196 1179 896 1229 Reiſe, u kam über Stockholm nach Fin̅land.
197 1229 890 1288 Er heirathete, daſelbſt nach einiger Zeit, hatte
194 1281 887 1340 aber unaufhörlich mit Armuth, Krankheit u
190 1331 875 1393 mancherley Elend zu kämpfen. Jn dieſer
802 1379 878 1436 Lage
