1000 1642
79 113 750 176 Von Stockholm 1801, 1802 u 1803.
763 114 828 176 29.
62 189 769 261 armen, gnadebedürftigen Sünder machte. Das
61 241 773 315 Drängen u Treiben ſeines unruhigen Geiſtes
63 291 765 371 wurde im̅er ſtiller, u dabey verbreitete ſich
66 346 770 417 eine wohlthuende Milde u ein ſanftes, lieb⸗
68 407 679 474 reiches Weſen über ſeinen Umgang.
93 452 769 531 Schwache Anfälle von Schlagfluß, die ihn
69 509 770 581 wiederholt trafen, erin̅erten ihn mehrere
72 567 769 643 Wochen voraus an ſein nahes Ende. Acht
76 623 771 694 Tage vor ſeinem Heimgang ſchrieb er an
74 676 776 744 Br. Stählin: Mein Verderben geht tiefer,
78 726 772 804 als ich es geglaubt habe, aber Gottes Geiſt
83 779 779 856 hat deſſen Unermeßlichkeit vor mir auf⸗
83 837 773 914 gedeckt. Jch habe viel Gnade erfahren
80 890 770 965 aus Jeſu Blut zur Verſöhnung meines
85 938 767 1015 Herzens. Von nun an ſoll dieſes Blut
83 995 773 1076 auch ſeine heiligende Kraft ungeſtörter
83 1051 782 1121 an mir beweiſen kön̅en. Daß ich ein groſ⸗
86 1103 780 1174 ſer Sünder bin, das braucht mir niemand
90 1154 784 1231 erſt zu ſagen; ich weiß, daß ich es mehr als
91 1205 777 1282 irgend ein andrer bin. Aber Jeſu Blut
89 1257 784 1333 wird auslöſchen, was mit ſich bringt den
87 1311 781 1379 Tod; daran glaubt mein verwundetes u
707 1369 783 1399 vom
