1000 1640
53 109 760 170 Berichte Engliſcher Gemeinen, 1804 u 1805.
752 149 804 187 117.
51 209 737 265 und nichts anders vor ſich ſahe, als daß er würde ſter⸗
45 261 737 320 ben müſſen; ſo fing er an um Gnade zu ſchreien,
49 317 742 372 und bat um den Zuſpruch der Brüder. Als Br. Swer⸗
49 369 744 430 tner ihn zum erſtenmal beſuchte, fand er, daß der heil.
47 423 749 481 Geiſt bereits ſeine Gnadenarbeit an dem Herzen dieſes
48 475 739 534 Kranken angefangen hatte, indem derſelbe unabläßig
51 536 747 591 den Heiland um Erbarmen anrief. Bey den folgenden
51 588 752 644 Beſuchen hatte Br. Swertner die Freude, zu ſehen, daß
51 639 743 697 die Seele dieſes Man̅es, nachdem ſie in Reue u Leid
51 696 750 752 über ihr Sündenelend zerſchmolzen war, vom Heiland
53 751 744 806 kräftig getröſtet wurde. Der Kranke gelangte in der
53 802 746 861 Folge gegen alles Erwarten wieder zu ſeiner Geſund⸗
51 861 744 916 heit, u es iſt zu hoffen, daß dieſes vorübergehende
49 911 742 966 Leiden zu ſeinem ewigen Heile dienen wird. Jn
54 962 752 1018 Bedford wurde Br. Jam. Latrobe zu einer kran⸗
57 1014 751 1074 ken Frauensperſon gerufen, welche eine Zeitlang in
57 1070 737 1127 dem Chorhauſe der led. Schweſtern gewohnt hat, aber
56 1117 750 1181 daſſelbe das Jahr vorher verlaſſen hatte, um einen
56 1171 750 1237 Man̅ zu heirathen, welcher ehedem zu unſrer Socie⸗
56 1228 766 1290 tät gehört hatte. Sie war kurz nach ihrer Niederkunft
62 1284 749 1339 heftig krank geworden. Br. Latrobe fand ſie bereits
63 1337 749 1397 ſo ſchwach, daß ſie ſich über den Zuſtand ihres Herzens
682 1384 737 1439 nicht
