1000 1642
201 101 294 166 246.
330 98 842 169 Schreiben des Br. Krause
260 180 909 246 geliefert werden ſolle. Sollte dieſes
254 242 914 308 geschehen, ſo wolle der Hld. unſre ar⸗
248 304 917 362 me Gemeine in Seinen mächtigen
249 359 917 426 Schutz nehmen, da wir ſehr nahe da⸗
249 423 463 480 bey liegen.
292 460 937 527 Der Br. Cornelius van der Jagd, wel⸗
250 526 934 585 cher am 6ten mit dem Knaben Stef⸗
248 583 940 646 fens von Neuwied hier eingetroffen
249 639 935 697 war, iſt am 13ten mit demſelben auf
250 687 917 763 der Poſt über Weisſensee u. Leipzig
248 748 690 817 nach Barby abgereiſt.
396 853 774 921 Vom 31ſten October.
270 921 910 977 Seit dem 14ten ſind wir zieml. un⸗
252 970 911 1036 geſtört geblieben, auſſer daß ſeit ei⸗
248 1031 925 1101 nigen Tagen franzöſiſche Depots bey
243 1096 911 1150 uns vorbey u. der Armee nachzie⸗
247 1147 922 1208 hen; da den̅ verſchiedentl. beherber⸗
251 1199 888 1263 get u. Vorspan̅ geliefert werden
244 1258 931 1316 muß. Unſre tägl.n Verſam̅lungen
250 1319 919 1384 ſind den Geſchwrn in dieſen trüben
788 1369 900 1440 Zeiten
