1000 1640
91 98 645 184 Erzgebürge, Franken p. 1805.
693 112 786 174 225.
41 177 722 248 Sie hatten in dieſem Jahre ſchon viel Man⸗
40 230 701 303 gel u. Noth ausgeſtanden, u. werden auch
38 278 734 348 kaum ihre diesjährige Ernte haben einbrin⸗
40 340 727 405 gen kön̅en; denn am 7t u. 8t Sept. da ich dort
39 385 726 461 beſuchte, ſtand das Korn noch grün auf dem
45 445 698 517 Felde, u. nach der Ausſage der Einwohner
41 498 732 571 brauchte es zur Reife noch einen 4wöchigen
43 553 724 624 warmen Son̅enſchein. Obgleich die Anzahl
44 610 721 676 unſrer dortigen Geſchwiſter nur aus 20.
46 664 738 731 Perſonen beſtand, ſo waren in der Verſam⸗
44 721 729 785 lung am 7t doch etwa 40. Perſonen gegen⸗
47 774 732 838 wärtig. Sobald mein Daſeyn bekant wor⸗
45 824 729 893 den war, kamen einige u. baten ſichs aus,
50 881 723 943 mit in die Verſam̅lung kom̅en zu dürfen;
51 936 725 1000 die meiſten aber kamen in dieſelbe ohne
53 984 738 1058 zu fragen. Son̅tags den 8t waren der be⸗
54 1041 736 1117 gierigen Zuhörer noch weit mehrere; Stu⸗
53 1100 752 1162 be u. Kam̅er war mit Menſchen angefüllt.
58 1148 742 1217 Jch hatte mir zu dieſer Verſam̅lung den
54 1201 767 1272 Spruch gewählt: 2 Cor. 4, 17. 18. Unſere Trüb⸗
57 1255 753 1331 ſal, die zeitlich u. leicht iſt, ſchaffet eine ewi⸗
57 1307 761 1383 ge u. über alle Maße wichtige Herrlichkeit,
709 1370 738 1397 u.
