1000 1641
155 109 214 173 60.
222 114 830 173 Von Stockholm 1801, 1802 u 1803.
207 210 901 265 gewährt wurde, zum Genuß der ewigen Freuden
203 263 894 319 vor dem Throne Gottes einzugehen. Das all⸗
209 319 897 376 gemeine Theilnehmen an dieſem Vorgang äuſ⸗
204 373 895 432 ſerte ſich auch bey den Begräbniſſe am 20ſten
203 427 900 482 auf eine fühlbare Weiſe bey dem zahlreichen
202 483 894 538 Leichengefolge. Der Vater des Seligen, unſer
198 533 892 586 alter Bruder Andreas Kjellſtädt, der den
202 590 880 642 Verluſt dieſes ſeines einigen Sohnes tief
205 643 912 699 fühlte, wurde vom Heiland auf eine beſonders
202 698 893 757 gnädige Weiſe getröſtet. Als er am Morgen
198 751 899 815 des Begräbnißtages früh aufſtand u durch das
201 812 897 858 Fenſter einen Blick auf die von der Mor⸗
203 862 887 918 genſon̅e erleuchteten Berge u Felſen der
197 916 886 970 ſüdlichen Vorſtadt jenſeits der Mäler⸗Sees
196 967 893 1023 warf, ſo ſtellten ſich ihm die Worte des Pro⸗
201 1019 885 1075 pheten: "Jhr ſollt mit Freuden ausziehen u
198 1076 889 1132 in Frieden geleitet werden; Berge u Hügel
200 1129 892 1185 ſollen vor euch her frohlocken mit Ruhm –
205 1180 895 1238 Eſ. 55, 12. – mit ſolcher Lebhaftigkeit vor ſein
203 1234 895 1296 Gemüth, u er kon̅te zugleich einen ſo heitern
198 1289 893 1341 Blick in die Freuden der Seligen vor dem
202 1341 898 1403 Throne Gottes thun, daß ſein Herz mit ſtillem
806 1392 895 1454 Wohl⸗
