1000 1641
169 141 218 211 70.
245 135 862 191 Beſuch in Mähren, April 1806.
205 220 908 278 ein Lazareth verwandelt u noch nicht wieder gerei⸗
204 277 906 331 nigt war. Jn einiger Entfernung von dieſem
205 332 904 384 Gebäude geht man durch einen wohl angelegten
205 386 912 441 Garten auf die oberſte Höhe dieſes in der That
204 436 907 493 ſchönen Berges, u ſieht da das ganze Städtchen
204 493 908 545 mit ſeinen Gaſſen in der Nähe, ſowie die an⸗
199 547 907 602 muthigſte Gegend mit mancherley Abwechſlungen,
204 598 904 653 ſo weit das Auge reicht, vor ſich. Als wir uns
202 650 916 709 hier oben umſahen, erzählte uns Herr Jäſchke,
199 709 902 763 daß im hieſigen Archive noch alte Schriften in
201 765 909 820 Slavoniſcher Sprache vorhanden wären, aus de⸗
199 817 891 869 nen man ausfündig gemacht, wie vor Alters
201 869 910 930 auf dieſem Platze rechts u links zwey Ciſternen
202 927 906 983 geweſen, zwiſchen welchen, eben da, wo wir jetzt
199 978 899 1035 ſtanden, jener würdige Biſchof Comenius bey
199 1034 920 1086 ſeiner Flucht mit ſeiner Gemeine niedergefallen
199 1083 900 1145 ſey u ein inbrünſtiges Gebet zu Gott gethan
202 1138 911 1198 habe; u darauf habe er ſeinen Weg zwiſchen
200 1194 915 1254 den Feldern nach der Polniſchen Gränze zu ge⸗
204 1251 330 1293 nom̅en.
245 1295 894 1354 Mit in̅iger Rührung, u während ſich noch
197 1350 907 1407 mein Geiſt dieſe merkwürdige Scene vergegen⸗
758 1399 888 1453 wärtigte
