1000 1640
92 114 573 167 d. d. Barby. Nov. 1806.
672 109 747 158 253
36 183 693 251 ſtiller bey uns geweſen, als die vor⸗
34 241 711 310 hergehende, wiewol es an Anzeigen
31 293 723 371 nicht gefehlt hat, daß der Kriegs⸗Schau⸗
34 359 699 423 Plaz nicht weit von uns entfernt iſt.
81 410 705 478 Durchzüge kleiner Parthien von
32 470 670 538 Franzöſiſchen Truppen durch hieſige
33 522 705 587 Stadt u. Aufenthalt derſelben auf kur⸗
39 582 709 651 ze Zeit ſind öfter vorgekom̅en; beſon⸗
36 638 716 697 ders war geſtern wiederum ein Be⸗
41 693 676 752 ſchwerde voller Tag, da gegen 500.
35 746 730 815 Man̅ franzößiſche Jnfanterie hier la⸗
42 803 697 871 gen, u. den ſchon ſehr geringen Vor⸗
41 862 686 924 rath von Lebensmitteln noch mehr
43 916 707 979 verringern halfen. Die ganze Woche
46 966 701 1029 hindurch logirte ein Com̅isſair auf
45 1024 704 1086 dem Schloſſe, um die in hieſiger Stadt
45 1078 695 1138 ausgeſchriebenen Lieferungen an
47 1133 727 1192 Vieh, Futter, Brod u. Leinewand (wel⸗
50 1186 731 1266 che nach Schönebeck geſchaft werden) ge⸗
53 1250 693 1310 hörig zu beſorgen, u. geſtern ver⸗
53 1296 711 1370 brachten einige Officiers den Tag u.
