1000 1640
206 93 576 164 Gemeinen. 1805.
686 105 777 170 195.
39 166 714 239 von Br. Joh. Friedr. Reichel aus der Uni⸗
35 234 707 300 täts⸗Aelteſten⸗Conferenz zu einer
38 286 560 353 Brüdergemeine eingerichtet.
73 336 721 410 Geboren u. getauft ſind bey hieſiger
38 389 720 468 Gemeine in allem 298 Kinder, mit Jnbe⸗
42 450 703 522 griff ſolcher, deren Eltern nicht zu uns
45 494 715 579 gehören. Auf dem hieſigen Gottesacker
46 545 731 631 ſind 99 Perſonen begraben. Beym Schluß
49 606 719 688 des Jahres 1804. beſtand die hieſige Ge⸗
49 666 678 734 meine u. Societät aus 167. Perſonen.
103 711 722 786 Am 16t Sept. hatten ſämtliche Arbei⸗
50 770 688 840 ter der Wachauiſchen Gemeinen ein
50 820 727 894 Liebesmahl zum Abſchied mit Geſchw. Gam⸗
53 880 730 951 bolds, u. Abends in der Gemeineſtunde wur⸗
57 925 731 1001 den leztern zu ihrer Reiſe u. künftigen
60 981 733 1054 Dienſt bey der Miſſion unter den Chero⸗
60 1031 741 1112 kees dem Hld in einem brünſtigen Gebet
61 1091 699 1167 angelegentlich ans Herz gelegt. Tags
65 1147 734 1218 darauf traten ſie dan̅ ihre Reiſe unter
65 1202 725 1272 einer zahlreichen Begleitung von Ge⸗
66 1255 737 1330 ſchwiſtern u. Mädchen aus der Penſions⸗
67 1307 734 1383 Anſtalt an. Ein Theil der ſie begleiten⸗
665 1353 734 1390 den
