1000 1640
73 85 621 164 und Hope in Jerſey. 1805.
703 107 771 160 161.
50 174 719 249 gends gezündet, ſondern nur da, wo
46 231 723 300 er hintraf, alles zerſchmettert. Für die
51 289 721 354 gnädige Abwendung der nicht nur die⸗
49 339 729 411 ſem Hauſe u. den darin befindlichen Per⸗
51 398 701 466 ſonen, ſondern auch dem ganzen Orte
51 449 692 522 drohenden Gefahr, brachten wir dem
49 502 738 578 Heiland Tags darauf in einem Gebet auf
54 555 732 628 den Knien unſern herzlichen u. beſchäm⸗
53 613 238 680 ten Dank.
97 664 739 729 Der Bau unſers neuen Kirchenſaales
59 719 720 793 iſt in dieſem Jahre mit Gottes Hülfe u.
58 783 719 844 unter Begünſtigung einer vorzüglich
62 832 726 902 guten Witterung fortgeſezt worden.
62 881 729 954 Eine beſondere Materie des Dankes für
62 937 706 1009 die ganze Gemeine war es, daß beym
60 990 742 1062 Aufrichten des Knopfes u. der Fahne, ſo wie
61 1046 742 1114 bey der übrigen gefährlichen Arbeit am
66 1099 728 1167 Thurm u. Dach unſer lieber Herr allen
63 1154 753 1219 Schaden ſo gnädig verhütet hat. Es war am
68 1201 725 1270 7t May Abends in der 7t Stunde, daß die
63 1257 739 1329 Fahne glücklich aufgerichtet wurde, u. nach⸗
64 1312 729 1385 dem dieſes geſchehen war, ſtim̅te das Po⸗
668 1349 736 1400 ſau⸗
