1000 1640
195 101 587 165 Gemeinen. 1805.
707 112 783 183 191.
43 177 746 248 rungen, wovon folgendes hier angeführt
44 238 435 299 zu werden verdient:
87 287 735 352 Die erſten Perſonen, die in der Gegend
41 345 703 412 wo jetzt die Gemeine in Hope iſt, mit den
39 399 730 463 Brüdern bekant wurden, waren einige Fa⸗
41 451 730 519 milien, die ſich an der Südweſtecke der Wa⸗
41 503 730 575 chau angebaut hatten, noch ehe die Brüder
43 566 721 630 dahin kamen. Dieſe nahmen in den ſchwe⸗
43 611 733 686 ren Zeiten des Jndianer Kriegs ihre Zuflucht
43 671 729 740 nach Bēthabara, wo ſie dann das Evangeli⸗
42 727 728 794 um hörten, welches ihrem Herzen ſo zuſag⸗
42 784 717 848 te, daß ſie auch nach geſchloſſenem Frieden
46 832 726 900 fortfuhren die Verſam̅lungen in Betha⸗
44 881 726 954 bara, u. ſpäterhin in Friedberg, welches ih⸗
45 939 731 1008 nen noch näher lag, zu beſuchen. Auch wur⸗
46 994 724 1061 de ihnen zuweilen von beſuchenden Brü⸗
46 1045 742 1111 dern das Evangelium in ihren Wohnungen
46 1096 732 1168 verkündigt. Jn den Jahren 1772 bis 1774.
52 1155 725 1219 zog eine beträchtliche Anzahl Familien
48 1209 735 1270 aus Maryland, die ſchon dort mit den Brü⸗
50 1263 736 1326 dern bekant geweſen waren, nach der Süd⸗
50 1311 731 1383 weſtecke der Wachau, u. ließen ſich da⸗
640 1360 736 1424 ſelbſt
