1000 1642
326 79 853 154 Schreiben des Br. Fabricius
210 94 295 150 254.
258 171 927 246 die Nacht bey uns. Was wir bis jezt er⸗
255 235 906 303 fahren haben, iſt dem Grade nach ſo,
251 291 937 354 daß wir unſerm l. Herrn für Seinen
250 343 870 412 Schutz von Herzen danken müſſen.
287 403 938 474 Mehrere Orte in unſrer Gegend ſind
255 464 940 525 ganz anders mitgenom̅en worden, u.
248 513 944 580 wie traurig iſt erſt das Loos derer, an
250 568 933 640 deren Wohnorten, Schlachten u. Ue⸗
250 623 597 695 berfälle geschahen.
254 731 893 800 d.) Von Br. Joh: Ludolph Fabricius
354 795 812 857 in Gnadau. d. 30ſten Oct.
284 855 895 917 Nachdem wir vom 14ten Oct. an,
247 914 931 969 einen Tag nach dem andern durch be⸗
242 957 949 1028 unruhigende Gerüchte von der Annä⸗
244 1025 912 1086 herung feindlr Truppen waren ge⸗
244 1074 927 1142 ängſtiget worden; ſo trafen am 19ten
247 1124 947 1204 gegen 300. Man̅ Sächſiſcher Huſaren
245 1193 927 1253 hier ein, welche ſich einquartierten
242 1248 926 1306 u. uns in Unkoſten, aber doch weiter
247 1298 925 1368 nicht in Noth ſezten. Am 21ſten aber
819 1351 913 1431 ſahen
