1000 1643
206 117 302 167 200.
332 108 820 184 Wachauiſche Gem. 1805.
240 183 907 251 mehrere Brüder u. Nachbarn von
236 244 898 304 Salem u. legten Geld zuſam̅en, aus
240 297 922 361 welchem für jeden alten Wolf, der in
240 346 913 415 dem Bezirk von 8 Meilen um Salem
241 408 916 473 getödtet werden würde, 4 Thaler u.
236 464 918 533 für jeden jungen Wolf 2 Thaler ge⸗
240 521 919 588 zahlt werden ſolten. Es wurden hier⸗
239 581 889 646 auf 3 junge Wölfe zwiſchen Salem
242 631 905 696 und Bethabara lebendig gefangen, u.
238 680 919 748 ein alter ſtark verwundet. Seitdem
241 735 919 808 hörte die Verwüſtung unter den Scha⸗
241 804 403 864 fen auf.
