1000 1641
142 106 197 174 26.
208 98 903 157 Von Stockholm 1801, 1802 u 1803.
199 189 889 257 42 Jahre lang genug erfahren. Jch habe mich
195 254 900 310 auf eigenem Wege müde gearbeitet, um mit
194 309 895 361 dem Heiland u Seinen Kindern Eins zu wer⸗
191 358 886 410 den. Aber nun, am Abend meines Lebens,
198 412 896 474 gebe ich alle Hoffnung 〚auf〛, auf dieſem Wege
195 470 893 522 zu meinem Zwecke zu gelangen, verloren,
193 520 895 577 u überlaſſe mich ganz der Gnade meines Hei⸗
192 577 895 633 landes. So muß ich zwar allen Anſpruch auf
192 633 875 687 eigenes Verdienſt fahren laſſen, aber ich
190 684 892 747 bin den̅och unbeſchreiblich ſelig. Wäre es mög⸗
193 744 899 800 lich, daß die Gnade aufhören kön̅te, ſo wäre
190 798 871 852 auch mein ganzes Glück vorbey, aber die
192 852 887 909 Gnade ſteht feſt in Ewigkeit. Möchte die Ueber⸗
194 905 885 958 zeugung hievon nur nie in meiner Seele
189 958 892 1013 verdunkelt werden, noch das Gefühl der Gnade
191 1007 889 1067 aus meinem Herzen verſchwinden! den̅ dieſe
195 1063 871 1121 Gnade allein kan̅ mich ſelig durch dieſes
192 1117 872 1174 Leben hindurchführen, u mich bey gutem
193 1171 885 1227 Muth erhalten, bis ich zu Seinen Füßen
191 1224 885 1279 beken̅en werde: Eines hat mich durchgebracht,
187 1276 873 1332 Läm̅lein! daß du biſt geschlachtet." — Ein
194 1327 878 1393 ſchöner Zug in dem Charakter des ſeligen
824 1375 884 1433 Bru⸗
