1000 1641
254 107 565 165 vom Jahr 1805.
738 116 812 169 381.
67 179 760 243 wo ſie ſich fürs erſte aufhalten werden,
65 231 745 295 bis er ſeine äußern Angelegenheiten
66 288 759 350 völlig in Ordnung gebracht haben wird.
67 339 766 403 ☉ d. 11t Aug. war Br. Montgom̅ery in Ballin⸗
63 396 737 460 derry, wo er das Vergnügen hatte eine
62 447 764 515 Anrede an eine ſehr zahlreiche Geſellſchaft
66 500 760 574 die hauptſächlich aus den Yeomen des Kirch⸗
68 557 766 632 ſpiels beſtand, zu halten, u. ſie feyerlich auf⸗
71 611 741 683 zufordern, in Jeſu Chriſto Erlöſung und
72 670 572 733 Freiheit von Sünden zu ſuchen.
112 717 758 783 Br. Binns legte ſein erſtes öffentliches
73 772 749 842 Zeugniß in Ballinderry ab, u. predigte in
72 832 768 893 der Folge in Mourne u. Analong vor einem
76 880 768 949 zahlreichen Auditorio mit beſonderm Ein⸗
74 934 770 1001 druck auf die Zuhörer. Beſonders verſam̅⸗
72 990 767 1058 lete ſich an leztgenantem Orte eine große
74 1048 759 1104 Menge am Seeufer u. in den längs dem⸗
72 1090 769 1163 ſelben liegenden Fahrzungen, wobey er ſich
75 1155 735 1212 an das Meer von Tiberias erin̅erte, u.
75 1196 770 1269 den Beyſtand des Hlds kräftig inne wurde.
76 1255 758 1323 D. 20 Aug. machten Geſchw. Hartleys eine
81 1308 759 1383 kleine Reiſe nach Glenarm, einem kleinen
666 1352 763 1402 Städt⸗
