1000 1640
42 100 718 167 Berichte Engliſcher Gemeinen, 1804 u 1805.
734 122 799 178 127.
46 193 721 256 und dieſes Vertrauen zu meinem Heiland habe.
39 244 617 312 Sie verſchied noch an demſelben Abend.
94 303 728 365 Am 21ſten Oct. verſchied eben daelbſt der ver.
41 354 731 412 Br. Thomas Biggs. Er war über 20 Jahre ein
41 407 734 470 Mitglied der Brüdergemeine geweſen, u wußte
44 459 728 522 ſeinen Ruf u ſeine Gnadenwahl zu ſchätzen.
45 514 727 579 Bey ſeinen mehrjährigen körperlichen Leiden
50 578 731 633 bewies er viele Geduld. Einige Tage vor ſeinem
54 635 735 686 Ende wurde er bey ſeiner Arbeit von einem
51 680 734 743 Schlagfluß betroffen, der ſeine eine Seite lähmte,
57 735 738 795 u ihn des Gebrauchs der Sprache beraubte. Bey
51 792 745 849 ſeinem Begräbniß war eine große Anzahl von
57 843 750 900 Freunden gegenwärtig, da der sl. Br. in der ganzen
59 894 742 954 Stadt als ein ehrlicher, fleißiger u freundſchaftlicher
56 949 353 1009 Man̅ geſchätzt wurde.
67 996 748 1060 /: NB. Bey Ausfertigung dieſes Berichts waren
62 1045 748 1100 aus einigen Engliſchen Gemeinen nur die erſten
55 1091 757 1147 Monate der Diarien vom J. 1805; aus verſchiedenen
58 1134 732 1195 aber war der Jahrgang 1804 noch nicht vollſtändig
63 1186 281 1242 eingegangen. :/
