1000 1641
161 128 221 181 74.
233 123 820 185 Beſuch in Mähren, April 1806.
239 213 901 277 Wir ſaßen noch bis Mitternacht bey einander
200 265 908 324 u wir kon̅ten uns mit dieſen Seelen recht an⸗
202 326 910 380 genehm erbauen. Sie waren für die erfahrne
195 377 901 437 Durchhülfe des Heilandes während der Kriegs⸗
197 432 904 486 unruhen von Herzen dankbar. Da dieſer Ort
197 484 900 543 nicht ganz dicht an der Straße liegt, ſo waren
198 536 906 593 ſie mit Einquartierung nur ſehr wenig belä⸗
197 590 904 651 ſtigt geweſen. Den folgenden Vormittag am
198 646 905 703 19ten April beſuchten wir auf Anrathen unſerer
197 702 903 763 Geſchwiſter den hieſigen evangeliſchen Prediger
199 756 915 814 Georg Richter, welcher uns ſehr freundſchaftlich
196 815 909 870 aufnahm, u ſich noch mit Vergnügen der Corre⸗
194 866 907 922 ſpondenz u Bekan̅tſchaft erin̅erte, welche er ehe⸗
188 918 909 973 dem mit unſerm Bruder Herman̅ Richter, als
190 972 906 1031 derſelbe in Gnadenfeld wohnte, unterhalten
194 1028 913 1081 hat. Er iſt ſchon ein bejahrter Man̅ u beweiſet
190 1082 906 1141 ſich jederzeit ſehr liebreich gegen unſre Ge⸗
192 1135 895 1197 ſchwiſter. Es befindet ſich auch ein katholiſcher
190 1187 906 1248 Prediger an dieſem Ort, u in die ſchöne große
187 1245 903 1300 Kirche ſind mehrere Dorfſchaften eingepfarrt.
192 1293 897 1355 Jm hieſigen Dorfe ſelbſt ſind aber nur noch
190 1346 906 1403 drey Familien übrig, die ſich nicht zu der evan⸗
796 1394 903 1451 geliſchen
