1000 1642
179 112 284 190 334.
284 94 938 177 Diarium von Gracehill in Jrland
229 181 921 247 Geſchichte der Gemeine in Ballinderry
228 241 926 306 denkt, ſo muß das Benehmen des HE. Hig⸗
228 303 927 353 ginſons in dieſem Stücke als etwas auſ⸗
225 349 923 409 ſerordentliches erſcheinen, u. kan zum
221 408 903 462 Beweis ſeiner li〚e〛beralen und freund⸗
225 454 748 520 ſchaftlichen Geſin̅ung dienen.
232 510 920 574 D. 14t ritt ich nach Lisburne, wobey der
220 564 911 633 heftige Wind mich beynahe vom Pferd
224 625 921 688 gehoben hätte. Deſſen ungeachtet fühl⸗
220 675 916 740 te ich ein beſonderes Wohlſeyn in mei⸗
220 737 924 793 nem Herzen, u. hatte ein vertrauliches
220 791 920 852 Geſpräch mit dem Hld über meinen eig⸗
217 842 916 906 nen Gang u. über den Gang der Jrlän⸗
218 895 905 959 diſchen Gemeinen. Die Einwohner von
213 958 909 1015 Lisburne, die ſich zur Verſam̅lung ein⸗
218 1007 914 1074 fanden, ſchienen Geſchmack an dem zu
218 1061 898 1126 finden, was ihnen des Abends vorge⸗
216 1118 892 1176 tragen wurde. Jch kam mir hier wie
217 1171 915 1233 zu Hauſe vor, da dieſes das dritte mal
217 1226 904 1292 iſt, daß ich bey ihnen predige. D. 15. ritt
216 1286 881 1343 ich durch eine angenehme Gegend nach
213 1333 898 1403 Belfast. Da ich hier keine religiöſe Be⸗
827 1385 916 1420 kant⸗
