1000 1642
173 98 265 158 356.
267 98 901 164 Diarium von Gracehill in Irland
221 176 918 237 Den 7ten May kam Br. Montgom̅ery von
216 240 917 294 einer im Lande gemachten Beſuchreiſe
216 290 878 350 wieder nach Hauſe. Folgendes iſt ein
214 346 729 407 Auszug aus ſeinem Bericht:
216 397 915 465 D. 26. April verließ ich Gracehill zu Pfer⸗
215 457 913 517 de, um in Ballinderry, Newry u. Mourne
218 505 902 571 zu beſuchen. Jn Ballinderry predigte ich
218 569 883 623 vor einem zwar nicht großen aber ſehr
214 621 910 675 aufmerkſamen Auditorio. Bey dem trau⸗
215 668 924 731 rigen Zuſtande der dortigen Gemeine kon⸗
214 725 912 786 te ich nicht anders, als zum Hld beten, daß
215 779 908 839 er unter unſern dortigen Geſchwiſtern
213 836 892 895 nicht nur die äußere Form, ſondern auch
215 892 910 947 den Geiſt einer Gemeine wiederherſtellen
214 943 924 1003 wolle. Den nächſten Morgen war ich wieder
215 1001 909 1063 zu Pferde, um meine Reiſe nach Newry, wo
213 1050 910 1116 auf den folgenden Tag eine Predigt ange⸗
212 1114 905 1169 ſagt war, fortzuſetzen. Zu meiner nicht
211 1165 899 1226 geringen Verlegenheit aber ſahe ich, daß
208 1217 885 1279 mein Pferd ſo lahm ging, daß an kein
214 1275 894 1331 Fortkom̅en zu denken war. Endlich ent⸗
213 1326 890 1402 ſchloß ich mich, zu Fuß nach Kilwarlin zu
824 1374 910 1434 gehen
