1000 1643
156 127 223 180 124.
241 116 934 188 Berichte Engliſcher Gemeinen, 1804 u 1805.
221 208 915 268 Wunsch mit kindlicher Ergebung in den Willen des
222 261 922 316 Heilandes u mit dem kindlichen Vertrauen ver⸗
213 313 926 371 bunden, daß Gott ihn nicht verlaſſen noch verſäumen
216 368 918 424 werde. Zwey Stunden vor ſeinem Ende beſuchten
220 423 915 476 ihn 2 Schweſtern; er erkan̅te ſie noch, u bat den
216 477 920 533 Heiland, ſich auch ihrer in ihrer letzten Stunde an⸗
218 528 918 588 zunehmen. Hierauf ſagte er: „Vor Gleichgültigkeit
218 588 915 642 gegen dein Verdienst u Tod“, da den̅ gedachte
215 638 930 702 Schweſtern hinzuſetzten: "behüt' uns lieber Herr Gott",
213 699 861 752 weil er nicht im Stande war, weiter zu reden.
283 752 913 805 Jn Bedford verſchied am 16ten May 1804 der
215 804 920 862 verh. Br. Hauptman̅. Er war in ſeiner langwierigen
216 858 916 916 u beſchwerlichen Krankheit von Br. Latrobe täglich
221 913 919 972 ein oder zweymal beſucht worden. Dies geſchah auch
213 969 908 1023 am letzten Tage ſeines Lebens Vormittags. Der
215 1020 915 1079 Kranke ſchien ſich etwas beſſer zu befinden u ſagte:
211 1075 911 1136 er fühle ein großes Verlangen, künftigen Son̅tag
205 1122 935 1198 das heil. Abendmahl mit der Gemeine zu genießen;
210 1183 916 1244 auch hoffe er, wen̅ ſeine Beſſerung fortgehe, an dieſem
206 1230 926 1297 Tage im Stande zu ſeyn, ſich in unſrer Capelle ein⸗
209 1289 905 1346 zufinden. Br. Latrobe rieth ihm zwar, dies lieber
207 1345 920 1402 nicht zu thun, ſondern das heil. Abendmahl mit ſeiner
830 1391 899 1426 Frau
