1000 1643
145 115 208 175 148
224 108 921 163 Schreiben des Br. Verbeek, Philadelphia 1806.
221 190 929 250 mehr als 8 Perſonen geweſen wären. So hat⸗
216 241 931 300 ten z. E. am Cabinentiſche abſolut nicht mehr als
222 295 926 350 ſo viele Perſonen Platz, u da wir uns ſelbſt mit
221 351 905 402 ſo vielem verſehen mußten, weil wir vom
220 400 916 460 Schiffe nichts, als geſalzenes Rind⸗ u Schweine⸗
218 457 922 518 fleiſch, Bohnen u Schiffszwieback bekamen, ſo
213 512 915 570 waren uns jene Coyen ſehr gelegen, unſern
218 567 927 621 Vorrath in eigenen Beſchluß zu nehmen. u.ſ.w.
223 617 920 682 Unſre ganze Geſellſchaft iſt recht wohl und
218 677 931 738 munter. Die Hitze iſt freilich ſchon faſt weſtindiſch
216 734 926 787 hier, u das müſſen die mehreſten von uns erſt
216 786 925 846 gewohnen. Mir u meiner Frau iſt dieſe na⸗
212 840 926 900 türlich weniger fremd. – Doch dies ſey fürs
215 893 908 952 erſte mal genug. Unſre l. Collegen in der
214 945 917 1006 U.A.C., welche uns während unſrer Seefahrt
218 1004 920 1060 gewiß mit ihrem ſegnenden Andenken beglei⸗
210 1055 921 1111 tet haben, u jetzt dem Heiland mit uns danken
210 1110 918 1167 werden, daß Er uns bey ſo vielen aufſcheinenden
207 1161 918 1218 Dunkelheiten ſo ſchön Bahn zu machen u Sein
208 1218 915 1276 Wort wegen unſrer Reiſe zu beſtätigen ge⸗
210 1273 893 1329 wußt hat, werden gewiß ferner im Geiſte
211 1325 916 1382 mit uns ſeyn, u uns den Segen des Herrn zu
813 1373 910 1440 unſrer
