1000 1643
209 111 294 158 160.
360 96 855 162 Bethlehem, Nazareth,
228 182 908 250 Virginien, die im Frühjahr nach Hau⸗
227 248 919 302 ſe gereiſt war, kam im November in
221 292 914 361 Begleitung ihres Bruders, der ſich ihrer
224 350 918 413 annim̅t, weil ihre Eltern nicht mehr am
224 401 931 469 Leben ſind, hieher zurück, mit dem feſten
223 458 899 524 Entſchluß, um Erlaubniß zu bitten, bey
224 520 901 575 hieſiger Gemeine wohnen zu dürfen, u.
224 566 887 635 ſie zog fürs erſte in das Chorhaus der
221 625 518 687 led. Schweſtern.
262 675 905 740 Bey einem ſchweren Gewitter, welches
218 730 873 793 in der Nacht vom 15t auf den 16t Juny
218 786 900 849 über unſern Ort wegzog, fuhr ein Blitz⸗
218 840 889 907 ſtrahl in das Wohnhaus unſrer Geſchw.
213 896 902 957 Anton Schmidts, u. zwar durch ihre Schlaf⸗
212 943 916 1018 kam̅er, in welcher Bruder Schmitt noch zu Bet⸗
211 1005 926 1067 te lag. Er wurde aber nicht im mindeſten
214 1061 915 1126 verlezt, ungeachtet der Strahl, wie man
211 1116 926 1174 aus den hinterlaſſenen Spuren abnehmen
209 1166 920 1236 konte, über ihn weg u hinter ſeinem Haup⸗
209 1227 895 1284 te durch die Wand gefahren war. Auch
213 1276 891 1339 hatte der Strahl, der ſich nach verſchiede⸗
209 1335 893 1399 nen Richtungen ausgebreitet hatte, nir⸗
819 1377 900 1436 gends
