1000 1640
79 92 644 164 Colonien an der Wolga.1805.
657 101 753 164 267.
23 174 701 246 haben die Coloniſten jezt mehrere gu⸗
20 225 711 295 te Ordnungen unter ſich gemacht, u. man⸗
20 279 706 350 cherley Abgaben zum Beſten der Kirche
21 328 699 410 u. der Gemeine eingeführt. So muß z. B.
23 391 699 462 jeder, der Sontags während dem Gottes⸗
20 440 682 515 dienſt aufs Feld zur Arbeit fährt, eine
20 500 571 569 Strafe an die Kirche entrichten.
49 553 696 625 Montags den 15t fuhren wir nach Se⸗
28 610 688 671 wastianofka, wo wir bey dem Paſtor
32 658 714 732 Jauch, der ſich gegenwärtig im Witwer⸗
28 712 711 786 ſtande befindet, eine ſehr liebevolle Auf⸗
30 767 689 842 nahme fanden. Gegen Abend machte ich
30 824 686 891 mit lezterem einen Spatziergang, zu
33 879 715 945 welchem uns die außerordentlich ſchöne
30 931 698 996 Witterung einlud. Wir nahmen, ohne
34 986 709 1049 uns einfallen zu laſſen, daß es in hie⸗
38 1043 700 1113 ſiger Gegend irgendwo unſicher ſeyn
37 1101 713 1160 könte, um deſto ungeſtörter zu ſeyn, den
35 1148 711 1218 Weg, der uns am nächſten zur Colonie
38 1208 700 1268 hinausführte, u. begaben uns in den ſo
41 1260 703 1324 genan̅ten neuen Wald an einen ſehr
41 1305 693 1382 anmuthigen Ort, welchen Paſt. Jauch,
630 1361 697 1398 wie
