1000 1642
75 113 784 180 Von Stockholm 1801, 1802 u 1803.
773 133 831 200 49.
62 212 758 274 Freunden an. Br. Stählin meldet davon fol⸗
67 267 762 333 gendes: Nach einem kurzen, vergnügten Auf⸗
67 317 761 385 enthalt bey unſrer Schweſter, der Fräulein
67 376 757 438 Silfveisparre auf Hedvigslund, reiſten wir
71 425 766 488 am 28ſten über Finspang, einem der vorzüg⸗
73 481 770 543 glichſten Hütten⸗ u Ham̅erwerke des Reiches,
73 531 774 601 welches der Familie De Geer gehört, nach Nor⸗
73 584 769 650 köping, wo wir am 28ſten ankamen, und bey
75 646 774 699 der Frau Admiralin Leyonanker eine lieb⸗
76 694 774 759 reiche Aufnahme fanden. Unſer Freund, der
73 753 770 812 Doctor Medicinä Zatzell hatte den Tag vor
80 805 775 867 unſrer Ankunft im 77ſten Jahre ſeines Al⸗
78 862 770 926 ters ſeinen Lauf ſelig vollendet. Einen
78 916 760 976 der hieſigen Prediger fanden wir unter
79 966 776 1030 dem Druck eines der beſchwerlichſten Schuläm⸗
83 1020 781 1082 ter u in großer äußern Armuth unermü⸗
81 1073 778 1138 det geſchäftig, den Seelen, die ihm ihr Ver⸗
83 1126 782 1192 trauen geſchenkt haben, zur Förderung auf
83 1180 783 1245 dem Wege des Heiles zu ſeyn. Von einem
87 1233 790 1294 Beſuch, den ich von hier aus in Quillinge mach⸗
85 1285 776 1341 te u von dem Gnadenwerke Gottes daſelbſt
88 1339 755 1396 iſt bereits ein weiterer Bericht in das
732 1385 777 1438 Pro⸗
