1000 1641
59 98 625 177 in ihr Chorhaus in Hhut. 1806.
722 109 796 157 311.
52 172 731 244 Donats wohnten, mit den beyden Ne⸗
51 230 731 299 bengebäuden. Den 15t Dec. 1743 wurde
53 286 726 356 ein dicht daneben neu erbautes Haus,
53 337 729 409 welches mit einem Verſam̅lungs⸗ und
53 392 721 468 Schlaf⸗Saal verſehen war, eingeweiht
54 453 735 519 und bezogen. /: es iſt das jezige Diaspora⸗
52 506 739 575 Haus :/ Da nun in den folgenden Jahren
55 558 729 629 das Chor ſo ſtark anwuchs, daß die Woh⸗
57 619 729 685 nungen nicht mehr zureichten, ſo wurde
57 670 739 733 das in der Nähe ſtehende Richteriſche, nach⸗
58 723 729 794 her Gräfl. Reuſsiſche, nunmehr v. Watte⸗
58 776 724 846 williſche Haus im Jahre 48. noch dazu ge⸗
60 835 752 897 nom̅en, u. ein Verbindungsgang zwiſchen
61 881 739 950 beyden angebracht. So bewohnten alſo
62 939 758 1007 die ledigen Schweſtern 3 Häuſer mit den
62 993 741 1063 dazu gehörigen 4 Seitengebäuden, bis
62 1054 744 1116 endlich zu einem geräumigen u. zweck⸗
63 1103 752 1166 mäßigen Hauſe Anſtalt gemacht wurde.
65 1155 760 1220 Dieſes wichtige u. koſtbare Unternehmen
65 1210 744 1272 aber ging durch manche Schwierigkeiten,
66 1261 746 1331 ehe es zu einer erſten Entſcheidung kam,
65 1310 747 1387 ob u. wie u. an welchem Platz dieſes Haus
681 1353 745 1401 ſol⸗
