1000 1642
161 99 252 173 360.
252 94 908 158 Diarium von Gracehill in Irland
217 176 906 241 ken̅en gegeben, in die Gemeine aufge⸗
212 239 918 295 nom̅en zu werden, u. zu ihrer unbeſchreib⸗
213 286 912 349 lichen Freude wurde ſie nun ihres Wun⸗
214 341 916 407 ſches theilhaftig. Ob ſie gleich ſehr ſchwach
210 404 918 456 war, ſo beſtand ſie doch darauf, auf einem
210 454 904 509 Stuhl in den Saal gebracht zu werden, u.
210 509 893 563 wurde hier unter einem mächtigen Ge⸗
211 558 890 622 fühl der Nähe des Hlds in die Gemeine
209 615 881 679 aufgenom̅en. Der Anfang des Pſalms,
211 669 901 732 welcher die Tages Looſung enthielt, war
208 726 920 785 für ſie beſonders zupaßend, u. die wahre
208 779 901 846 Sprache ihres Herzens: Jch freue mich deß,
208 838 907 893 das mir geredet iſt, daß wir werden ins
209 883 916 954 Haus des Herrn gehen. Sünderhafte Freu⸗
205 945 921 1007 de ſtrahlte aus ihren abgezehrten Mienen,
205 999 910 1060 u. nach Erfüllung dieſes ihres lezten Wun⸗
202 1055 890 1119 ſches hienieden ſehnte ſie ſich, bald in die
203 1112 890 1166 obere Gemeine verpflanzt zu werden.
203 1159 908 1221 Sie lebte noch bis zum Ende dieſes Monats,
205 1216 916 1283 da ſie in die Arme ihres Erlöſers überging.
223 1278 899 1330 D. 31. May wurde ganz unvermuthet die
203 1326 915 1390 Leiche unſers l. Br. Robert Barnes von Coote⸗
835 1371 902 1428 hill
