1000 1642
104 131 736 189 Beſuch in Mähren, April 1806.
752 132 810 183 99.
65 221 751 278 beſonders zur Erbauung gereichte. Unter ih⸗
63 275 739 333 nen befand ſich ein munterer 70jähriger
65 329 759 387 Greis u noch einige ſehr alte Brüder, die ehe⸗
62 383 752 438 malig vor Einführung der Toleranz manche
69 432 760 490 ſchwere Umſtände um des Evangelii willen er⸗
69 486 760 549 fahren haben; doch beklagten ſie unter vielen
69 543 768 604 Thränen, daß jetzt bey mehrerer Freyheit auch
68 598 760 661 mehrere Gleichgültigkeit eingeriſſen ſey. Da ſie
73 651 766 707 hier, ſo wie an andern Ortſchaften dieſes Um⸗
70 701 759 768 kreiſes nach Hellersdorf zur Kirche gehören,
72 756 765 823 dieſelbe aber wegen der weiten Entfernung nicht
72 814 763 878 beſuchen kön̅en, ſo haben ſie hier ein eigenes
73 862 767 924 Bethaus, in welchem Son̅tags von einem Bruder
76 917 771 982 eine Predigt geleſen wird, wozu ſich außer un⸗
75 973 777 1034 ſern Geſchwiſtern auch noch einige andere ein⸗
76 1024 779 1085 finden. Vor mehrern Jahren hielten ſie auch
75 1074 772 1136 noch beſondere Erbauungsſtunden unter ſich, die
78 1132 775 1190 aber bey Obwaltung einiger Mißhelligkeiten
78 1186 777 1244 eingeſtellt wurden. Da indeſſen dieſe ſchon
74 1236 779 1301 Längſtens gehoben, u überhaupt keine Folge per⸗
75 1288 772 1352 ſönlicher Unverträglichkeit geweſen ſind, ſo
77 1342 781 1402 wurden ſie ermuntert, die Erbauungsſtunden
683 1392 789 1453 wiederum
