1000 1640
177 100 540 165 Gemeinen. 1805.
690 106 772 153 197.
30 170 709 245 denen ſie ſich auf das zärtlichſte verab⸗
33 225 693 303 ſchiedete, u. ging zu HE. Sheppard, der
31 280 711 350 eine nahe Verwandte unter den Penſi⸗
31 330 682 402 onaires in Salem hat, u. am Fuß des
29 385 699 460 Pilot Mountain wohnt. Dieſen ſehens⸗
33 440 705 515 werthen Berg beſtieg die Geſellſchaft
33 502 711 572 unter Begleitung des gedachten Herrn
40 559 721 628 und ſeines Sohnes, u. ergözte ſich an der un⸗
39 611 717 685 gemein ſchönen Ausſicht, die gegen Nor⸗
37 661 719 734 den von den Sauratown⸗ u. blauen Ber⸗
41 715 715 791 gen begränzt wird, aber gegen Süden
44 775 715 845 ſich auf 70 bis 80 Meilen weit über un⸗
41 821 718 898 ermeßliche Waldungen erſtreckt, welche
44 880 740 954 von den Flüſſen Yadkin u. Dan durchſtrömt
44 934 715 1007 werden, u. in welchen ſich die Plantagen
44 992 722 1058 wie kleine Flecken zeigen. Man rechnet
47 1038 717 1111 die Höfe des Pilot⸗Berges vom Fuß bis
48 1094 721 1165 an die Felſenmaße, die auf dem Gipfel
50 1150 717 1219 deſſelben ſteht, eine Engliſche Meile.
51 1199 719 1273 Die Felſen〚d〛 ſind über 100 Fuß hoch, und
50 1265 721 1329 nehmen ungefähr einen Raum von ei⸗
46 1306 721 1386 nem Acker Landes ein. HE. Sheppard ge⸗
651 1350 718 1398 hört
