1000 1641
229 115 537 177 vom Jahr 1805.
726 121 808 170 391.
53 185 737 254 des Br. Cennicks geweſen, u. ſcheint mit
52 243 763 312 dem Evangelio nicht unbekan̅t zu ſeyn; man
52 298 753 361 kan aber nicht ſagen, daß er ſich in Wahrheit
52 349 546 419 Gottes ſeines Heilands freut.
85 401 764 476 Zur Chriſtnacht verſam̅lete ſich um 7 Uhr
55 456 740 527 des Abends eine ſolche Menge Menſchen,
59 509 782 582 daß unſer Saal ſie bey weitem nicht faßen
59 577 171 632 konte.
86 617 783 687 Wir erken̅en es mit Dank gegen unſern
62 672 742 746 l. Herrn, daß er die Verkündigung des
62 729 753 801 Evangelii ſowohl hier, als an allen den
60 783 740 853 Orten, wo daſſelbe von uns gepredigt
61 834 763 903 worden iſt, mit ſeinem Segen begleitet hat,
59 891 779 955 u. daß der Same des Worts, der in vorigen
61 944 755 1016 Jahren durch ſeine treuen Diener ausge⸗
61 998 762 1070 ſtreut worden iſt, nun anfängt aufzuge⸗
65 1053 509 1123 hen u. Frucht zu bringen.
107 1099 770 1172 Durch die hülfreiche Unterſtützung der
71 1157 733 1229 Jrländiſchen Societät zur Ausbreitung
71 1208 774 1281 des Evangelii in dieſem Lande durch die Pre⸗
71 1264 747 1336 digt der Brüder ſind die Brr. Hartley u.
71 1316 764 1395 Montgom̅ery in den Stand geſezt worden,
669 1365 772 1407 außer
