1000 1642
195 103 284 180 222.
327 91 817 179 Diaspora im Vogtland,
242 168 902 239 ausbitten. Wer dieſe Gnade an ſei⸗
239 235 920 295 nem Herzen erfahren habe, nehme es
238 293 926 345 mir übel, wen̅ ihn ſein theilnehmender
239 342 910 397 Freund um ſeinen Wachsthum ſowol
233 388 914 454 in der Gnade Chriſti als in der Selbſt⸗
235 445 607 509 erkentniß befrage.
270 498 885 560 Da ich an einem andern Orte dieſer
232 556 916 623 Gegend in den Unterredungen mit ei⸗
233 614 920 675 nigen Geſchwiſtern bemerkte, daß ſie
233 674 913 731 zu viel bey der gegenwärtigen Noth
233 722 916 782 der Theurung ſtehen blieben, ſo ſuchte
231 780 925 839 ich ſie in einer Versam̅lung, in welcher
232 834 898 893 ich über die Tageslooſung redete, mehr
231 883 911 950 auf den Heiland hinzuweiſen. Die Loo⸗
230 940 897 1002 ſung hieß: Herr, wen̅ ich nur dich habe,
231 997 872 1066 ſo frage ich nichts nach Him̅el u. Erde.
273 1052 901 1115 Jn Graiz fand ich den Mangel an
223 1113 879 1163 Brod bey gegenwärtiger Theurung
229 1157 910 1226 ſehr groß. Viele Leute miſchen ſogar
229 1222 899 1277 gemahlene Queckenwurzeln unter das
224 1277 908 1333 Mehl zum Brod. Durch einen unſrer da⸗
226 1326 932 1395 ſigen Brüder erfuhr ich, daß ein gewiſſer
814 1371 915 1416 Doctor
