1000 1640
186 100 582 167 Gemeinen. 1805.
708 112 780 170 187.
49 174 715 245 feyerlichen Abendſegen gemacht, der
45 230 741 304 auf dem Platz vor dem auf zwey Seiten
46 285 730 355 erleuchteten Anſtaltshause gehalten
48 345 703 403 wurde. Die Anzahl der einziehenden
50 396 738 466 Zöglinge belief ſich auf 20, von welchen
47 453 712 517 18. auswärtige Penſionaires u. 2 Ge⸗
47 502 731 570 meinkinder ſind. Unter den Auswärti⸗
52 556 730 628 gen befanden ſich zwey aus Südcaroli⸗
49 617 701 678 na, als die erſten aus dieſem Staate,
53 666 732 737 welche Tags zuvor mit ihren Eltern hie⸗
53 727 724 789 her gekom̅en waren. Leztere wohnten
53 775 701 843 den Verſamlungen dieſes Tages mit
54 829 730 893 vieler Rührung bey, u. waren ſehr ver⸗
54 887 741 953 gnügt darüber, daß ſie gerade zu dieſer
56 943 729 1009 Feyerlichkeit zurecht gekom̅en waren.
57 991 735 1062 Die Anzahl unſrer auſwärtigen Penſi⸗
56 1051 724 1109 onaires vermehrte ſich noch in dieſem
55 1104 737 1168 Monat beträchtlich. Wir bekamen zwey
61 1154 733 1216 aus Virginien, eine aus dem Staate Te⸗
59 1207 713 1278 neſſee, u. endlich brachte auch General
52 1262 733 1326 Davie aus Hallifax, der in vorigen Zei⸗
60 1314 736 1389 ten Gouverneur von Nord-Carolina,
668 1370 705 1398 u.
