1000 1642
168 95 269 155 376.
273 88 879 151 Diarium von Gracehill in Irland
218 165 913 230 ſehnlichen Auditorio mit Angethanheit.
214 222 906 280 Die daſige kleine Gemeine iſt im Abneh⸗
209 274 911 333 men, u. bedarf ſehr einer neuen Gnaden⸗
212 331 928 394 anfaßung. Die beyden Chorhäuſer ſind ſchon
212 388 914 446 geraume Zeit ganz eingegangen, u. die gan⸗
214 441 884 498 ze Gemeine u. Societät beſteht nur aus
210 495 919 554 30 Perſonen, von denen einige leider. unter
212 544 908 607 die Zahl derer gehören, in denen die Liebe
210 602 913 660 erkaltet iſt. Zu Anfang der folgenden Wo⸗
210 654 909 722 che ging Br. Hartl \e/ y weiter nach Dublin, u.
208 707 894 770 kam am 17t July von ſeiner Beſuchreiſe
210 766 909 824 wieder nach Gracehill zurück, mit Dankbar⸗
206 823 907 885 keit gegen den Hld für ſeine gnädige Be⸗
208 876 908 938 wahrung. Mit in̅iger Freude hat er geſehen,
208 925 881 988 daß ſich die Gemeine in Dublin erbauet
207 985 906 1044 auf unſern allerheiligſten Glauben in Chri⸗
208 1037 910 1103 ſto, u. daß ſie, bey allen nicht zu verken̅en⸗
203 1088 916 1157 den Mängeln, feſt hält überm Wort vom
204 1148 867 1213 Kreuze, u. an Anzahl u. Gnade zunim̅t,
205 1200 920 1268 während andre Geſin̅theiten in dieſer Stadt
205 1258 898 1328 ſich mit Streitfragen einlaſſen, u. in Par⸗
203 1317 511 1386 theyen zerfallen.
805 1339 892 1387 D. 22.
