1000 1640
83 92 618 168 und Hope in Jerſey. 1805.
699 106 773 157 167.
41 180 712 246 Erbarmer an mir, ſprach meinem ar⸗
43 227 711 295 men u. beküm̅erten Herzen Troſt u.
47 290 726 355 Frieden zu, u. ich konte mich als eine durch
45 338 720 414 ſein Blut verſöhnte Sünderin anſehen.
48 396 711 464 Jch war wie von neuem geboren; das,
46 447 718 516 woran ich zuvor keinen Geſchmack hatte,
51 504 728 569 war mir nun Labſal u. ſüſſe Weide für
50 556 717 625 mein Herz, u. alles womit ſich mein Herz
53 613 717 681 und Gemüth zuvor beſchäftigte, war mir
53 666 697 734 nun verhaßt u. zum Eckel geworden.
53 721 723 789 Von dieſer Stunde an rechne ich meinen
55 767 727 845 Gnadengang in der Gemeine. Bey aller
57 822 729 898 äußern Armuth, welche die ſelige Schwe⸗
58 882 725 954 ſter zu erfahren hatte, war ſie doch ganz
60 942 728 1007 vergnügt, u. ſagte noch in den lezten Ta⸗
60 993 711 1057 gen ihres Lebens mehrmals: Ach wie
59 1041 739 1114 überaus ſchön hat es mein lieber Heiland
61 1102 733 1163 mein ganzes Leben hindurch mit mir ge⸗
62 1158 727 1219 macht! Alles, alles, was er mir je ver⸗
66 1208 728 1277 ſprochen, hat er mir nicht nur gehalten,
66 1260 731 1326 ſondern täglich ja ſtündlich viel mehr ge⸗
65 1312 708 1393 geben, als ich kurzſichtiges Weſen je
660 1363 719 1397 im
