1000 1642
117 120 738 183 Beſuch in Mähren, April 1806.
742 120 805 180 73.
71 210 764 278 Erläuterungen beygefügt, auch noch etwas von
69 263 776 330 unſerm alten Bruder Zeisberger erzählt hatten;
72 315 773 385 ſo nahmen wir Abſchied, wobey er uns freund⸗
74 379 489 439 ſchaftlich die Hand reichte.
114 426 767 486 Jn Zauchtenthal, zu welchem Orte dieſes
74 478 766 550 Gut gehörig iſt, trafen wir mehrere unſrer
74 533 767 601 Geſchwiſter u Freunde an, die ſich ſehr über
72 588 791 652 einen Beſuch aus der Brüdergemeine freuten.
76 641 770 704 Bald nach unſrer Ankunft am Abend wurde
75 699 772 758 unſre Stube bey Geſchw. Nitſchman̅s, wo wir
76 751 777 814 logirten, mit 13 Perſonen angefüllt, die ſich
78 807 787 869 ſäm̅tlich an die Brüdergemeine anſchließen,
79 858 792 925 u größtentheils recht liebe u einfältige Seelen
82 914 794 976 ſind. Auf ihr ausdrückliches Verlangen wurde
83 968 781 1028 ihnen eine Verſam̅lung gehalten, in welcher
84 1018 783 1080 von der Nothwendigkeit, das ganze Herz dem
86 1070 790 1140 Heiland hinzugeben, u jeden Tag unſers Le⸗
84 1128 781 1190 bens im Umgange mit Jhm zu verbringen,
83 1177 791 1244 damit wir ſtündlich zum Heimgange bereit ſeyn
88 1229 786 1292 möchten, zu ihnen geredet, u ſodan̅ ein Gebet
89 1281 791 1344 auf den Knien gethan wurde, wobey die Nähe
93 1334 686 1397 des Heilandes kräftig zu fühlen war.
739 1380 797 1430 Wir
