1000 1642
69 105 706 176 Beſuch in Mähren, April 1806.
731 109 793 173 93.
50 197 759 260 neue darauf aufmerkſam gemacht wurden.
46 252 753 320 Man berechnete, daß in dieſer Stadt täglich
49 307 755 372 14 bis 16 Perſonen ein Opfer derſelben
49 360 760 429 würden. Das ſonſt ſo gewöhnliche Sterbege⸗
52 415 765 482 läute hatte man hier, ſowie in mehrern an⸗
52 468 762 534 dern Orten, wegen dieſer allzuhäufigen Ster⸗
54 524 760 593 befälle gänzlich eingeſtellt. Jn dem hieſigen
54 574 764 640 Minoriten⸗Kloſter, worin ruſſiſche u fran⸗
57 627 778 703 zöſiſche Kranke verlegt geweſen, u in welchem
57 688 767 754 ſich gegen 20 Geiſtliche befunden hatten, wa⸗
61 735 756 808 ren bereits 11 der letztern aus der Zeit
66 800 242 864 gegangen.
130 836 758 905 Von Brün̅ aus nahmen wir am 25ſten
62 891 762 967 Nachmittags die Rückreiſe wieder über das
65 950 764 1023 Schlachtfeld, folgten aber jetzt der ſchönen
67 1005 768 1073 Kaiſerſtraße über Wiſchau nach Proſsnitz.
76 1060 776 1121 Bis an dieſen Ort, welcher 2 Meilen von Ol⸗
71 1110 776 1181 mütz gelegen iſt, waren die franzöſiſchen
77 1163 781 1232 Truppen ſchon vorgerückt, als der eingetretene
81 1216 774 1280 Friede den Feindſeligkeiten ein Ende machte.
83 1269 778 1335 Wir hörten hier von ſehr vielen traurigen
79 1321 802 1392 Auftritten, von Mißhandlungen u Erpreſſungen,
707 1382 740 1430 die
