1000 1643
134 134 204 186 134.
238 131 873 177 Schreiben von Br. Kluge, April 1806.
201 209 907 264 den Kopf, u warfen ihn noch lebend ins Feuer.
199 257 915 324 Dabey beluſtigten ſie ſich über das jäm̅erliche Ge⸗
204 317 920 372 ſchrey u die Bewegungen dieſes Unglücklichen. Feld
202 370 907 422 u Buſch kamen durch das Feuer in Brand, ſo daß
199 418 915 475 unſer Ort voller Rauch u Dampf wurde. Wie uns
203 478 908 534 dabey zu Muthe war, kön̅en wir nicht in Worte
199 531 914 585 bringen. Wir ſahen uns an, als mitten unter einer
201 586 915 644 Bande Mörder, ohne einige menſchliche Hülfe; wobey
200 637 908 696 uns das ungewiſſe Schickſal unſers armen Joſua
198 699 905 752 ganz beſonders peinigte. Nach vollbrachter Mordthat
198 748 910 810 kamen dieſe Unmenſchen ganz wild in unſer Haus,
200 804 905 862 rühmten ſich ihrer abſcheulichen That, u forderten zu
199 860 899 916 eſſen u Rauchtabak, welches beydes wir ihnen auch
198 907 928 969 gaben. Wir erman̅ten uns den̅, ſo gut wir kon̅ten,
200 967 915 1025 u fragten ſie nach unſerm Joſua. Da fingen ſie gleich
198 1019 902 1078 an, ihn nach ihrem Aberglauben zu beſchuldigen, u
194 1075 901 1135 ſagten, daß er nicht umſonſt ein Gefangener ſey;
194 1129 920 1187 ſie wüßten wohl, daß er auch die böſe Kunſt ver⸗
191 1180 905 1234 ſtehe, Jndianer unmittelbar umzubringen u lahm
191 1228 926 1293 zu machen; er ſey nur zum Schein ein Anhän⸗
194 1288 905 1346 ger unſrer Lehre. Wir ſuchten ſie zwar vom Un⸗
193 1344 899 1402 grund ihrer Meinungen zu überzeugen, aber es
839 1399 895 1445 war
