1000 1641
67 91 645 175 in ihr Chorhaus in Hhut 1806.
723 103 804 152 313.
54 171 738 241 ben unter Gebet und Thränen die Worte
53 231 736 299 aus den Loſungen auf: Freue dich deiner
52 281 738 354 Hütten! und: Die Fenſter in der Höhe ſind
56 336 746 411 aufgethan. Dieſes traf in der Folge auf
56 392 739 464 die merkwürdigſte Weiſe ein; denn die
57 449 758 518 vielen Beyträge an Bau⸗Materialien
59 500 740 569 ſowohl als baarem Gelde von Geſchwi⸗
59 562 744 628 ſtern u. Freunden in u. außer der Gemei⸗
59 616 749 680 ne, in der Nähe u. Ferne, nebſt denen mit
62 665 738 733 ſo vieler Freude geſam̅leten Scherflein
62 719 745 787 der Schweſtern ſelbſt, wurden mit ſo ſicht⸗
62 778 729 843 barem Segen aus der Höhe begleitet,
66 828 746 897 daß die groſſen zu dieſem Bau erforder⸗
63 882 748 947 lichen Koſten ſo weit beſtritten werden
65 935 757 1005 konten, daß nur eine ſehr geringe Schuld
67 990 751 1061 auf dem Hauſe haften blieb. Die mütter⸗
68 1041 744 1114 liche Treue, mit der die ſel. Frau Gräfin
72 1100 763 1166 v. Zinzendorf, als damalige Ortsherrſchaft
72 1159 737 1216 die Beförderung dieſes Baues mit Rath
72 1207 752 1271 und That unterſtüzt u. mit ihrem Segen be⸗
72 1260 742 1326 gleitet hat, verdient ein eigenes Denk⸗
71 1307 741 1382 maal der Dankbarkeit, u. es ſoll ihres
670 1360 750 1391 wer⸗
