1000 1643
209 116 290 172 174.
324 108 810 169 Bethlehem, Nazareth,
236 195 919 251 Jugend angeſtellt, auch wurde er von
228 240 938 307 dem ſel. Grafen v. Zinzendorf als Schrei⸗
228 296 931 360 ber gebraucht. Jn der Folge diente er den
228 347 909 416 led. Brüdern in Herrnhut, Zeiſt, u hier⸗
228 405 885 470 auf in England u. Jrland als Pfleger.
228 457 914 525 Während ſeiner Anſtellung in England
228 512 921 579 u. Jrland predigte er auch fleißig auf dem
225 570 915 632 Lande, u. wurde im Jahr 1761. zu einem Dia⸗
224 619 913 684 cono der Brüderkirche ordinirt. Jm Jahr
222 673 897 739 1764. bekam er den Antrag, dem Hld in
221 732 902 793 Amerika zu dienen, u. wurde in Herrn⸗
223 785 899 852 hut mit der verw. Schw. Groſs zur heil.
226 841 905 903 Ehe verbunden. Er bediente mit derſel⸗
221 894 914 960 ben die Gemeine zu Newport in Rhode-
219 944 889 1013 Island, aber ſchon nach Verlauf eines
224 1006 911 1067 Jahres ging ſeine Frau daſelbſt ſelig aus
221 1059 896 1126 der Zeit. Nach einem Witwerſtand von
221 1118 905 1177 einem Jahre trat er zum zweytenmal
221 1173 909 1234 in die Ehe mit der led. Schw. Sarah Bailey,
221 1228 881 1284 u. wurde mit derſelben nach Oldmans-
217 1276 913 1343 Creek in New-Jerſey berufen, woſelbſt ſie
218 1339 915 1400 eine Landgemeine errichteten, u. dieſelbe
855 1380 896 1424 17.
