1000 1643
204 106 291 168 206.
352 102 838 171 Diaspora im Vogtland,
235 183 911 252 dieſer Zeit auf einem Stelzbein geht, u.
234 243 894 302 er daher die große Gemeine nicht mehr
234 300 892 356 gehörig bedienen konte, ſo wurde er zu
234 353 899 410 ſeiner jezigen Gemeine verſezt, wo er
231 408 902 465 nur ein einziges Dorf zu bedienen hat.
282 453 918 520 In Heidenheim erſuchte mich die Schw.
232 512 915 572 Brindeau, in deren Hauſe ich logirte, daß
232 566 886 627 ich an eine Geſellſchaft von 14 Töchtern,
231 620 904 683 die am Pfingſtfeſte zum erſtenmal das
230 672 905 741 heil. Abendmahl genießen ſolten, u. die
230 732 918 796 ſchon ſeit Oſtern alle Tage zu ihr gekom⸗
226 791 915 844 men waren, eine Ermahnungsrede hal⸗
224 844 923 905 ten möchte. Dieſes geſchah, u. ich ermahnte
229 896 917 955 ſie hauptſächlich, ſich dem der ſie mit ſei⸗
226 953 928 1015 nem Blute erkauft hat, ganz zu ſeinem
228 1007 906 1067 Eigenthum zu ergeben. Am Son̅abend
227 1066 927 1125 vor Pfingſten kamen ſie nach der Beichte
225 1117 908 1177 abermals zu mir. Jch fiel nach dem Ge⸗
224 1177 874 1234 ſang einiger Verſe mit ihnen auf die
215 1226 909 1290 Knie, u. empfahl ſie mit bewegtem Her⸗
226 1285 912 1340 zen unſerm treuen Heiland, daß er ſie in
220 1332 894 1399 Gnaden anblicken, u. ſie im Glauben u.
843 1389 891 1421 in
