1000 1642
175 97 279 164 390.
291 90 887 162 Diarium von Gracehill in Irland
212 165 916 231 ſich über ihre gemachten Fortſchritte im
204 229 918 286 Lernen freuen konte. Jn ihrem äußern
209 278 913 340 Betragen haben ſie ſich mit ihrem Hier⸗
209 332 912 397 ſeyn vortheilhaft geändert, u. wir kön̅en
210 387 904 454 hoffen, daß dieſe Pflanzſchule durch Got⸗
205 453 671 507 tes Segen gedeihen werde.
229 498 926 565 Da das Markthaus in Ballymena gegen
208 549 910 613 die Straße offen iſt, u. bey gegenwärti⸗
206 606 885 667 ger Jahreszeit ſehr von der Kälte durch⸗
207 665 917 720 drungen wird; ſo waren wir dankbar, daß
207 723 912 778 uns ein wohlhabender Mann einen groſ⸗
205 767 921 831 ſen Saal in ſeinem Hauſe für den Winter
208 823 891 887 zum Gebrauch anbot, u. Br. Montgom̅ery
208 882 924 948 predigte zum erſtenmal auf demſelben
205 932 909 997 vor einer Geſellſchaft von 1 bis 200. Zu⸗
206 990 900 1049 hörern. D. 23. u. 24 Dec. verbrachte Br.
201 1043 864 1104 Harkley mit Beſuchen auf dem Lande.
201 1099 885 1159 Unter andern beſuchte er einen alten
203 1155 887 1214 Mann von 102 Jahren, der beynahe ganz
203 1205 916 1271 taub u. ſehr ſchwach iſt, der aber noch mit Ver⸗
202 1263 918 1331 gnügen die Geſchichte ſeiner frühern Tage
201 1318 918 1392 erzehlen kan. Er war oft in den Predigten
835 1361 896 1422 des
