1000 1642
309 97 823 166 Schreiben des Br. Risler
201 98 284 166 236.
266 173 939 248 Hauſe beherberget. Alle Arbeit muß⸗
260 235 930 305 te ruhen, die led. Brr: mußten ſich
255 290 936 360 ganz zum Dienſte der Fremden her⸗
256 352 910 418 geben, u. ſie haben faſt über Ver⸗
250 409 935 479 mögen gethan. Daß der Franzöſiſche
248 464 904 530 Kaiſer ſelbſt hier übernachtete, u.
250 519 927 588 Gott es unſrer guten Fürſtin gelin⸗
254 576 947 644 gen ließ, durch dringende Vorſtellung
248 639 921 694 u. Bitten Befreyung von Einquar⸗
250 690 943 755 tierung u. Schonung für Ebersdorf
250 751 923 810 zu erlangen, wurde unſre Hülfe u.
247 798 932 865 Rettung, u. verſchafte einige ruhige⸗
249 852 920 921 re Nächte, daß man etwas ſchlafen
249 911 895 970 u. ſich erholen kon̅te. Viele unſrer
245 967 921 1034 Brr: waren deſſen höchſt bedürftig.
291 1024 922 1085 Wir hatten in den erſten Tagen
248 1081 928 1144 der Unruhe unſre Häuſer wohl ver⸗
249 1137 932 1201 ſchloſſen halten müſſen, u. uns wenig
246 1190 933 1251 auf den Straſſen u. an den Fenſtern
246 1248 929 1314 dürfen ſehen laſſen. Sobald man kon̅⸗
249 1305 927 1378 te, gingen wir in den Häuſern beſu⸗
817 1366 906 1431 chen,
