1000 1640
61 109 741 192 Schreiben von Br. Kluge, April 1806.
751 120 830 199 139.
51 199 768 276 ſo mitgenom̅en, daß ſie ganz untröſtlich iſt, u nichts
46 259 752 328 mehr wünſcht, als nur einmal aus dieſer entſetz⸗
44 309 746 385 lichen Lage erlöſt zu ſeyn. Sie hat weder Tag
53 367 758 434 noch Nacht einige Ruhe, u ich habe Urſache zu be⸗
54 422 762 487 fürchten, daß ſie in der ängſtlichen Lage an ihrem
53 478 759 538 Gemüthe Schaden leiden möchte. Wir haben beſchloſſen,
56 527 762 595 wo möglich auf unſerm Platze ſo lange auszuhalten,
58 588 762 644 bis wir den Sin̅ unſrer lieben Brüder der Helfer⸗
57 641 767 704 conferenz für’s Ganze über unſre jetzige Lage ver⸗
60 696 756 758 nom̅en hätten. Seitdem wir aber gewiß wiſſen,
57 744 787 810 daß alle Jndianer aus den andern Towns ſich zu⸗
62 801 777 861 ſam̅enziehen u ſich nur eine Meile von uns anbauen
58 853 765 919 wollen, ſo ſcheint es uns, als ob wir ohne die größte
65 908 768 973 Gefahr nicht länger hier bleiben kön̅en, zumal da
64 960 763 1025 die alten Chiefs ermordet ſind, u die Jndianer
65 1017 778 1083 uns ſelbſt geſagt haben, daß das alte Verſprechen gar
66 1071 758 1132 nichts mehr gelte, weil die Alten nichts mehr zu
68 1123 780 1185 ſagen hätten. Das junge wilde Volk hat jetzt das
70 1176 773 1239 Regiment, u thut was ihm gefällt; was der ſtärkſte
68 1228 781 1294 Haufe will, das geſchieht. Der größte Theil der Jndi⸗
70 1281 770 1339 aner kan̅ aber uns u das Wort Gottes nicht
68 1334 771 1399 leiden, u ſie ſagen öffentlich, daß wer von uns
715 1383 775 1443 ge⸗
