1000 1642
82 114 739 175 Von Stockholm 1801, 1802 u 1803.
761 123 821 199 47.
65 194 770 264 ſie anfing, ernstlicher über das Wort Gottes
63 249 775 316 nachzudenken, ſolange bis ſie an ihrem Herzen
64 300 760 370 die ſeligmachende Kraft deſſelben erfuhr.
64 353 781 432 Als sie hernach verheirathet wurde, hatte ſie
69 415 780 483 abermals Gelegenheit, in alle Eitelkeiten der
67 461 770 534 Welt hingeriſſen zu werden. Da ſie aber
72 515 780 581 nie einiges Vergnügen daran fand, ſondern
72 567 776 637 von einer beſtändigen Verlegenheit um das
77 625 785 695 Heil ihrer Seele verfolgt wurde; ſo gereichte
73 678 773 752 es ihr ſehr zum Troſt, daß ſie mit einer
73 737 784 808 unſrer Schweſtern, die in ihrem Hauſe wohnte,
76 788 786 854 bekan̅t wurde, u durch ſie auch in Bekan̅tſchaft
77 846 776 911 mit den Geſchwiſtern kam. Sie beſuchte nun
80 901 776 970 fleißig unſre allgemeinen Verſam̅lungen
82 953 781 1020 zum Segen für ihr Herz, u ſie erhielt ſpä⸗
79 1005 782 1069 terhin auf ihre Bitte auch Erlaubniß, unſern
76 1056 769 1124 Wochen⸗Versam̅lungen beyzuwohnen. Jn
79 1111 782 1174 den letzten Jahren ihres Lebens war ſie ſehr
83 1163 784 1224 kränklich, u nach u nach bekam ſie die völ⸗
80 1215 770 1281 lige Auszehrung. Wen̅ man ſie in dieſer
81 1268 769 1338 Zeit beſuchte, ſo pflegte ſie ſich oft ſo zu
86 1320 788 1389 äußern: "Jch kan̅ dem Heiland nicht genug
718 1375 774 1441 für
