1000 1643
212 106 291 169 196.
410 101 704 179 Wachauiſche
244 180 926 244 den Geſellſchaft verabſchiedete ſich mit
242 239 924 297 ihnen eine Meile jenſeit Bethanien un⸗
239 291 926 358 ter dem Geſang der Verſe: Geht, Zeugen,
239 353 880 410 Jeſum mahlen p. u. Wir wolln beym
231 403 898 460 Kreuze bleiben p. Die Brr. Benzien u.
235 456 921 519 Friedr. Meinung begleiteten Geſchw. Gam⸗
236 507 925 571 bolds noch über die blauen Berge bis an
237 567 902 625 den New River, etwa 90 Engl. Meilen
236 619 914 679 von Salem, u. kamen erſt am 25t Sept.
235 671 912 735 nach Hauſe zurück. Br. Reichel mit eini⸗
234 734 907 791 gen andern Geſchwiſtern u. einer An⸗
234 782 898 845 zahl von Penſionaires ſezte die Reiſe
231 837 884 900 in Geſellſchaft von Geſchw. Gambolds
231 892 908 952 bis ins erſte Nachtquartier fort, wel⸗
228 948 896 1008 ches ſie 10 Meilen hinter Bethanien bey
229 1000 910 1060 HE. East nahmen, deſſen Frau zur Socie⸗
227 1057 909 1113 tät von Bethanien gehört. Abends wur⸗
226 1116 910 1172 de auf Anſuchen dieſer Familie eine an⸗
228 1166 914 1229 genehme Singſtunde gehalten, zu welcher
224 1228 881 1276 ſich auch einige Neger einfanden. Am
225 1276 887 1337 folgenden Tage tren̅te ſich die gedachte
222 1326 891 1396 Geſellſchaft von Geſchw. Gambolds, mit
799 1380 907 1416 denen
