1000 1642
190 113 290 168 342.
290 102 924 165 Diarium von Gracehill in Jrland
230 188 929 251 Genuſſe derſelben, den arme Sünder in
227 239 933 307 Seiner Gemeinſchaft haben kön̅en, ſtehen
229 295 901 356 blieben. D. 7t ritt ich durch eine ſchöne
229 352 915 416 Gegend, die in Wohlſtand zu ſeyn ſcheint,
227 406 928 473 nach Belfast. Jch hatte hier keine Gelegen⸗
226 472 921 530 heit zu predigen, u. nachdem ich eine arme
222 517 922 579 Schweſter in der Armenanſtalt u. zwey
226 569 927 631 andre Perſonen in der Stadt, die ehedem in
227 624 885 688 Gracehill gewohnt haben, beſucht hatte;
227 683 928 741 ging ich am 8t weiter nach Browndodd. Der
222 737 934 800 unfreundlichen Witterung ungeachtet fan⸗
223 791 928 854 den ſich in dem Hauſe, worin ich die Predigt
226 843 928 908 hielt, ſo viele Zuhörer ein, daß es beynahe
222 897 937 964 an Platz gebrach. D. 9t brachte mich der Hld
224 951 935 1017 wohlbehalten wieder nach Gracehill zurück.
259 1013 914 1070 Am 20t Febr. als dem von der Regie⸗
225 1062 927 1123 rung angeſezten Buß⸗ u. Faſttage, war
224 1121 928 1179 es uns etwas erfreuliches zu ſehen, daß
223 1169 927 1236 sich eine ſo große Anzahl zur Vormittags
222 1226 923 1289 Predigt einfand. Abends in der Gemein⸗
220 1287 951 1340 ſtunde erin̅erten wir uns mit dankbarem
223 1337 931 1407 Herzen an die großen Wohlthaten, welche
886 1388 915 1435 die
