1000 1642
83 109 790 177 Brief von Br. Bonatz, Febr. 1806.
784 127 820 192 5.
81 197 774 263 unter Waſſer drückte, u großen Schaden anrich⸗
75 248 777 314 tete. Von der Seite, wo ſie herkam, nahm ſie das
81 301 751 374 ganze Geländer vom Schiff mit weg, u zerſchlug
77 354 781 426 daſſelbe auf der andern Seite ſo, daß es hernach
77 409 760 476 auch von den Wellen weggeriſſen wurde. Auch
78 461 766 533 warf ſie den Bootsman̅ ſo heftig an das Boot
78 518 777 586 mitten im Schiffe, daß er ſich erſt nach drey Wo⸗
81 575 773 644 chen von der erhaltenen Quetſchung erholt hat.
79 629 782 691 Auf der andern Seite wurde einer von den
80 677 789 748 Schiffszim̅erleuten durch gedachte Welle über Bord
83 736 776 805 geworfen; er rettete ſich aber dadurch, daß er
86 785 790 862 ſich mit einem Taue, welches er ergriffen hatte,
84 852 416 913 wieder heraufſchwang.
125 891 780 962 Außerdem wurde auch das Vordertheil des
83 949 785 1024 Schiffes ſehr beſchädiget, ein Schweineſtall wegge⸗
85 1004 779 1072 riſſen, u wol die Hälfte der Schweine, deren
86 1052 785 1118 wir 16 an Bord hatten, weggeſchwem̅t. Faſt eben
88 1107 770 1178 ſo ging es mit den Ställen, in denen ſich das
83 1157 787 1226 Federvieh / über 250 Stück von verſchiedener Art /
86 1213 786 1278 befand. Einige dieſer Ställe wurden losgeriſſen
89 1263 789 1332 u auf dem Vordeck hin und hergeſchleudert, wodurch
86 1314 781 1383 den̅ ein beträchtlicher Theil des Viehes getödtet
682 1369 784 1410 wurde
