1000 1641
48 127 751 185 Berichte Engliſcher Gemeinen, 1804 u 1805.
747 149 807 216 115.
35 220 732 275 Die Geſchwiſter hatten mit Willigkeit nach ihrem
39 274 736 331 Vermögen dazu beygetragen, dieſen Bau anzu⸗
41 327 735 382 fangen. ᗞa ſie aber meiſtentheils arm waren,
41 380 739 436 u die beyden einzigen wohlhabenden Mitglieder der
41 433 737 489 Gemeine, auf deren Credit der Ankauf, ſowie der
41 490 739 543 Bau unternom̅en war, um dieſe Zeit bald nach ein⸗
41 542 739 598 ander heim berufen wurden; ſo war menſchlichem
38 598 741 657 Anſehen nach wenig Hoffnung, daß das angefangene
38 650 739 701 Werk würde vollendet werden kön̅en. Den̅och half
40 704 747 763 der Heiland, daß ungeachtet unzähliger Schwierigkeiten
44 759 743 815 die Kapelle am 25ſten Juny 1757 eingeweiht werden
45 810 743 868 kon̅te. An demſelben Tage wurde auch eine Oeko⸗
42 866 754 925 nomie von led. Schweſtern; u zwar ebenfalls in großer
41 921 744 980 Armuth, angefangen. Das Gebäude ſelbſt, welches die
49 973 753 1032 Schweſtern bezogen, war ſo baufällig, daß es gefährlich
49 1029 749 1079 ſchien, darin zu wohnen. Es wurde aber daſſelbe im
46 1077 750 1136 J. 1764 neu aufgebaut. Die Kapelle zu Kingswood
46 1131 743 1188 iſt in demſelben Jahre, nemlich 1757, die zu Bath
46 1186 613 1238 aber erſt im J. 1765 eingeweiht wurden.
101 1239 749 1294 Die Arbeiter in England werden bekan̅tlich häu⸗
52 1293 747 1347 fig auch zu ſolchen Kranken gerufen, die nicht zur
49 1343 745 1406 Gemeinde gehören, u es finden ſich in den Berichten
628 1401 734 1451 mehrere
