<?xml version="1.0" encoding="utf-8"?>
<pc:PcGts xmlns:pc="http://schema.primaresearch.org/PAGE/gts/pagecontent/2019-07-15" xmlns:xsi="http://www.w3.org/2001/XMLSchema-instance" xsi:schemaLocation="http://schema.primaresearch.org/PAGE/gts/pagecontent/2019-07-15 http://schema.primaresearch.org/PAGE/gts/pagecontent/2019-07-15/pagecontent.xsd" pcGtsId="GT-OCR-GN_1806_1__GN.A.351__267_c0c3b">
  <pc:Metadata externalRef="https://images.iiif.slub-dresden.de/iiif/2/data%2Fkitodo%2FNachaudeB_1745047107_1806_1%2FNachaudeB_1745047107_1806_1_tif%2Fjpegs%2F00000268.tif.medium.jpg/full/full/0/default.jpg">
    <pc:Creator>escriptorium</pc:Creator>
    <pc:Created>2024-01-26T14:55:58.468823Z</pc:Created>
    <pc:LastChange>2024-01-26T14:55:58.468835Z</pc:LastChange>
    <pc:MetadataItem type="processingStep" name="recognition/post-correction" value="ocrd-cor-asv-ann-join">
      <pc:Labels externalModel="ocrd-tool" externalId="parameters">
        <pc:Label value="False" type="add-filegrp-comments"/>
      </pc:Labels>
      <pc:Labels externalModel="ocrd-tool" externalId="version">
        <pc:Label value="0.1.14" type="ocrd-cor-asv-ann-join"/>
        <pc:Label value="2.60.2.dev0+gac1f15b3.d20240125" type="ocrd/core"/>
      </pc:Labels>
    </pc:MetadataItem>
  </pc:Metadata>
  <pc:Page imageFilename="267_c0c3b_default.jpg" imageWidth="1000" imageHeight="1642">
    <pc:TextRegion id="eSc_textblock_673a8745" custom="structure {type:text;}">
      <pc:Coords points="802,94 864,105 901,171 937,182 952,207 934,180 928,182 951,211 937,255 951,798 933,1174 969,1257 951,1280 929,1403 835,1400 835,1346 812,1338 416,1341 372,1349 342,1382 244,1378 240,211 233,175 204,163 200,124 215,102 352,91"/>
      <pc:TextLine id="eSc_line_5b850883" custom="structure {type:default;}">
        <pc:Coords points="870,120 867,116 830,110 801,94 800,94 799,94 798,94 755,116 696,95 695,95 694,95 631,96 630,96 629,96 621,103 609,96 608,96 607,96 572,97 572,97 571,97 547,117 543,119 503,119 500,117 488,112 487,112 486,112 463,117 449,120 442,117 403,99 402,99 352,99 351,99 350,99 349,99 327,117 322,121 204,117 205,147 205,164 329,162 334,164 363,176 364,176 364,176 420,171 432,177 433,177 476,178 477,178 478,178 500,171 517,177 518,177 519,178 554,178 554,177 555,177 556,177 562,172 573,176 574,176 575,176 711,176 712,176 739,161 743,158 755,161 775,165 776,165 777,165 792,160 803,157 873,159 874,145 872,124 870,120"/>
        <pc:Baseline points="205,147 364,151 874,145"/>
        <pc:TextEquiv index="0">
          <pc:Unicode>264.    Br. Gregors Beſuch auf den</pc:Unicode>
        </pc:TextEquiv>
      </pc:TextLine>
      <pc:TextLine id="eSc_line_925b270f" custom="structure {type:default;}">
        <pc:Coords points="250,222 250,246 285,239 333,244 351,246 352,246 353,246 359,243 387,232 411,242 417,245 418,245 419,246 434,246 434,245 435,245 436,245 440,241 447,237 462,241 478,245 479,245 479,245 480,245 499,240 507,238 511,239 522,245 523,245 524,245 573,244 574,244 593,238 611,230 687,230 696,235 697,235 697,235 698,235 702,235 732,230 741,234 745,235 746,235 747,235 748,235 753,233 766,230 773,233 797,243 798,243 799,243 852,234 886,240 887,240 937,228 937,218 937,185 913,176 912,176 911,176 910,176 909,176 896,185 889,189 880,185 876,183 875,183 875,183 863,185 833,189 822,185 805,176 804,176 803,176 786,177 785,177 784,177 774,185 765,191 649,191 639,185 630,177 629,177 628,177 566,177 565,177 564,177 563,177 554,185 552,187 547,185 531,177 531,177 530,177 492,185 489,185 487,185 472,178 471,178 440,178 439,178 438,178 437,178 428,185 416,193 355,193 342,185 339,182 338,182 337,182 336,182 335,182 331,185 316,193 302,185 295,179 294,179 293,179 292,179 250,184 250,222"/>
        <pc:Baseline points="250,222 937,218"/>
        <pc:TextEquiv index="0">
          <pc:Unicode>hieſigen Geſchwiſter u. Freunde grüßte</pc:Unicode>
        </pc:TextEquiv>
      </pc:TextLine>
      <pc:TextLine id="eSc_line_6bade3ea" custom="structure {type:default;}">
        <pc:Coords points="250,277 250,295 313,290 334,293 340,294 341,294 342,294 343,293 358,286 371,293 372,293 373,293 374,293 397,292 398,292 399,292 408,284 468,284 513,284 522,290 525,291 526,291 527,291 528,291 529,291 533,290 542,284 548,289 552,292 552,292 553,292 554,292 555,292 571,289 587,284 601,288 614,291 615,291 616,292 655,292 655,291 656,291 676,286 687,283 717,285 793,290 794,290 795,290 812,283 814,282 816,283 828,287 829,287 830,287 831,287 850,282 854,281 855,282 868,287 869,287 870,287 904,280 905,271 902,249 814,249 812,249 791,236 791,236 790,236 789,236 735,237 734,237 720,244 669,237 668,237 667,237 666,237 650,249 645,252 571,252 562,249 544,240 543,240 542,240 541,240 529,248 514,249 476,252 469,249 456,239 455,239 454,239 453,239 427,243 419,239 418,239 417,239 416,239 381,247 351,239 350,239 349,239 348,239 330,249 319,254 308,249 291,239 290,239 267,239 266,239 265,239 249,247 250,277"/>
        <pc:Baseline points="250,277 905,271"/>
        <pc:TextEquiv index="0">
          <pc:Unicode>ich ebenfalls noch am erſten Abend in</pc:Unicode>
        </pc:TextEquiv>
      </pc:TextLine>
      <pc:TextLine id="eSc_line_1dbeb670" custom="structure {type:default;}">
        <pc:Coords points="248,332 249,349 270,342 308,348 309,348 310,348 331,342 414,342 434,347 435,347 436,347 437,347 451,341 464,346 465,346 466,346 467,346 482,341 495,345 496,345 497,345 519,341 575,345 576,345 577,345 593,340 621,346 622,347 670,347 670,346 671,346 688,340 712,346 713,346 714,346 784,345 838,339 866,345 867,345 906,341 924,345 927,329 926,296 906,287 906,287 875,287 875,287 874,287 873,287 859,297 852,302 807,302 796,298 787,294 786,294 785,294 784,294 770,298 757,288 756,288 755,288 707,288 706,288 705,288 704,288 688,299 683,303 669,303 665,300 650,288 649,288 648,288 623,288 622,288 621,288 620,288 599,301 576,303 572,301 558,289 557,289 556,289 544,289 543,289 542,289 515,301 510,303 506,301 479,289 479,289 458,289 457,289 456,289 428,302 427,303 426,302 408,290 407,290 406,290 384,290 383,290 326,302 307,297 306,297 305,297 304,297 303,297 295,304 294,305 247,305 248,332"/>
        <pc:Baseline points="248,332 927,329"/>
        <pc:TextEquiv index="0">
          <pc:Unicode>einer Verſam̅lung. Dieſe Verſam̅lun⸗</pc:Unicode>
        </pc:TextEquiv>
      </pc:TextLine>
      <pc:TextLine id="eSc_line_dca6b23e" custom="structure {type:default;}">
        <pc:Coords points="250,390 250,408 298,402 323,408 327,408 328,408 333,407 375,398 421,405 433,407 434,407 435,407 441,405 461,398 490,404 503,406 504,406 505,406 516,404 542,396 668,396 676,400 683,404 684,404 685,404 686,404 687,404 691,399 696,395 702,399 706,401 707,401 708,401 751,398 793,395 802,397 832,404 833,404 931,394 931,384 929,361 902,361 885,349 884,349 883,349 882,349 881,349 833,361 809,348 808,348 750,348 750,348 749,348 728,359 685,349 684,349 683,349 682,349 662,363 615,363 600,352 599,352 598,352 597,352 541,363 518,353 517,353 516,353 477,359 466,351 465,351 464,351 463,351 420,353 419,353 396,363 382,352 381,352 380,352 347,352 346,352 345,352 308,366 250,366 250,390"/>
        <pc:Baseline points="250,390 931,384"/>
        <pc:TextEquiv index="0">
          <pc:Unicode>gen, die nicht eher als nach vollbrachter</pc:Unicode>
        </pc:TextEquiv>
      </pc:TextLine>
      <pc:TextLine id="eSc_line_47f62409" custom="structure {type:default;}">
        <pc:Coords points="253,446 253,464 291,456 338,456 355,462 356,462 357,462 358,462 378,455 428,455 452,462 454,463 455,463 456,463 465,462 529,455 537,460 538,460 539,460 566,461 615,462 616,462 624,461 659,453 683,453 694,460 695,461 696,461 697,461 697,461 698,461 703,460 726,453 740,459 744,461 745,461 746,461 747,461 753,459 765,457 791,459 804,460 805,460 806,460 807,460 808,459 819,452 833,458 837,460 838,460 839,460 840,460 843,458 861,452 885,452 893,458 895,460 895,460 896,460 897,460 929,457 929,442 927,419 807,415 806,415 763,418 744,419 738,417 703,408 702,408 701,408 700,408 699,408 687,417 684,420 638,420 634,417 618,406 617,406 616,406 615,406 614,406 604,411 593,402 592,402 591,402 561,402 560,402 559,402 532,412 520,403 519,403 518,403 500,403 499,403 498,403 497,403 483,415 461,403 460,403 459,403 407,409 399,403 398,403 397,403 396,403 395,403 378,409 353,404 279,404 278,404 277,404 252,414 253,446"/>
        <pc:Baseline points="253,446 929,442"/>
        <pc:TextEquiv index="0">
          <pc:Unicode>Feld⸗ u. Hausarbeit, u. alſo gemeinig⸗</pc:Unicode>
        </pc:TextEquiv>
      </pc:TextLine>
      <pc:TextLine id="eSc_line_322392ef" custom="structure {type:default;}">
        <pc:Coords points="250,501 250,522 344,518 345,518 346,518 354,511 369,517 370,517 371,517 372,517 385,510 395,515 396,515 397,515 419,510 434,519 435,520 436,520 437,520 437,521 457,521 457,520 458,520 458,520 459,519 471,510 487,519 490,520 491,520 492,520 501,519 538,509 566,517 567,517 568,517 569,517 586,509 614,509 636,516 641,518 642,518 643,518 644,518 645,518 646,516 659,509 672,516 675,517 676,517 677,517 677,517 681,516 697,509 795,509 812,513 828,518 829,518 830,519 853,519 853,518 854,518 854,518 863,512 871,508 888,512 909,518 910,518 911,518 912,518 927,511 927,497 924,469 796,469 779,457 778,457 777,457 724,457 723,457 722,457 721,457 699,470 699,471 689,471 689,470 656,457 655,457 654,457 625,457 624,457 623,457 614,464 599,457 598,457 539,457 538,457 537,457 508,466 497,460 496,460 495,460 494,460 473,469 441,461 440,461 439,461 438,461 437,461 423,473 399,473 385,463 385,463 384,463 349,463 348,463 347,463 326,471 310,463 309,463 270,459 269,459 268,459 267,459 249,471 250,501"/>
        <pc:Baseline points="250,501 927,497"/>
        <pc:TextEquiv index="0">
          <pc:Unicode>lich erſt um 9 Uhr des Abends angehen,</pc:Unicode>
        </pc:TextEquiv>
      </pc:TextLine>
      <pc:TextLine id="eSc_line_1ef1417e" custom="structure {type:default;}">
        <pc:Coords points="930,524 868,509 867,509 866,509 835,523 833,525 770,525 769,523 750,509 750,509 749,509 748,509 684,509 683,509 682,509 663,522 658,526 638,526 618,522 590,518 589,518 588,518 575,522 561,510 560,510 559,510 558,510 525,511 524,511 502,521 459,514 458,514 458,514 436,522 421,527 406,521 380,512 379,512 378,512 377,512 376,512 366,519 346,516 345,516 275,519 274,519 270,521 261,525 250,521 250,556 251,575 278,565 322,565 343,573 345,574 346,574 347,574 348,574 352,573 372,563 491,563 512,569 524,572 525,572 526,572 527,572 535,569 541,566 546,568 554,571 555,571 556,571 557,571 558,571 562,568 568,564 576,568 585,571 586,571 587,571 616,567 621,566 623,566 637,571 638,571 639,571 684,571 685,571 707,564 711,563 715,564 724,568 725,568 726,568 727,568 735,564 738,562 754,563 804,567 805,567 806,567 813,563 822,570 823,570 824,570 825,570 864,569 865,569 866,569 874,563 886,569 887,569 888,569 931,559 932,550 930,524"/>
        <pc:Baseline points="250,556 932,550"/>
        <pc:TextEquiv index="0">
          <pc:Unicode>hielt ich in der Folge, ſo oft wir uns hier</pc:Unicode>
        </pc:TextEquiv>
      </pc:TextLine>
      <pc:TextLine id="eSc_line_dea54a5a" custom="structure {type:default;}">
        <pc:Coords points="250,608 250,629 294,628 295,628 296,628 309,618 361,623 362,623 393,618 417,626 423,628 424,628 425,628 426,628 427,628 428,626 435,621 445,624 446,624 447,624 447,624 448,624 454,620 473,625 481,627 482,627 483,627 484,627 489,624 501,618 517,624 524,627 525,627 526,628 584,628 584,627 585,627 586,627 593,623 597,620 603,623 604,623 605,623 606,623 607,623 612,623 625,619 636,622 653,627 654,627 655,627 656,627 677,622 693,617 718,621 752,625 753,625 754,625 755,625 763,620 767,617 843,616 849,618 870,626 871,626 872,627 887,627 887,626 888,626 889,626 900,617 901,616 905,617 922,621 923,621 924,621 934,616 934,605 932,566 911,566 910,566 909,566 908,566 875,581 840,577 839,577 838,577 837,577 824,585 776,577 775,577 774,577 773,577 761,586 739,586 708,576 707,576 706,576 705,576 704,576 691,587 582,587 563,573 555,567 554,567 553,567 529,567 528,567 527,567 506,575 505,575 493,567 492,567 491,567 490,567 447,568 446,568 445,568 433,576 423,583 409,577 389,568 388,568 366,568 365,568 364,568 364,568 350,577 321,568 320,568 319,568 318,568 295,577 274,568 273,568 272,568 271,568 249,579 250,608"/>
        <pc:Baseline points="250,608 934,605"/>
        <pc:TextEquiv index="0">
          <pc:Unicode>befanden, alle Tage, u. ſie wurden zahl⸗</pc:Unicode>
        </pc:TextEquiv>
      </pc:TextLine>
      <pc:TextLine id="eSc_line_a6a8854e" custom="structure {type:default;}">
        <pc:Coords points="249,666 249,677 269,677 280,685 281,685 281,685 282,686 307,686 307,685 308,685 335,676 354,676 367,685 368,685 369,685 370,685 371,685 392,676 418,676 429,684 430,684 431,684 432,684 433,684 452,677 475,684 476,684 477,684 478,684 494,677 502,684 503,684 504,684 505,684 592,674 632,682 633,682 634,682 648,676 677,682 677,682 678,682 699,675 735,681 736,681 737,681 738,681 749,673 761,676 762,676 763,676 764,676 765,676 765,675 769,672 781,678 781,678 782,678 822,672 851,679 852,679 853,680 911,680 911,679 912,679 937,669 937,659 934,625 896,628 886,625 864,619 864,619 863,619 862,619 861,619 854,625 844,633 799,633 790,626 785,623 784,623 783,623 766,621 765,621 764,621 763,621 754,626 742,633 720,627 718,626 717,626 716,626 715,626 713,627 699,634 673,634 645,634 635,628 625,622 625,622 624,622 623,622 622,622 611,628 598,634 552,633 543,628 532,623 531,623 515,623 514,623 513,623 512,623 504,629 499,633 479,629 476,629 475,629 470,629 439,633 434,630 428,625 427,625 427,625 409,624 408,624 248,631 249,666"/>
        <pc:Baseline points="249,666 937,659"/>
        <pc:TextEquiv index="0">
          <pc:Unicode>reich auch von ſolchen beſucht, die ſonſt nicht</pc:Unicode>
        </pc:TextEquiv>
      </pc:TextLine>
      <pc:TextLine id="eSc_line_4454fc3d" custom="structure {type:default;}">
        <pc:Coords points="253,737 330,725 413,728 414,728 446,724 456,730 457,730 458,730 458,730 459,730 475,726 484,731 490,735 491,735 492,735 493,735 565,730 618,734 619,734 620,734 638,727 644,724 667,726 691,727 692,727 718,724 741,721 751,723 771,727 772,727 813,724 826,729 827,729 828,729 871,722 892,729 893,729 894,729 895,729 940,717 940,709 939,688 908,674 907,674 906,674 906,674 905,674 883,688 874,688 862,688 861,688 841,672 840,672 839,672 791,672 791,672 790,672 789,672 766,688 764,689 674,689 673,688 654,674 653,674 652,674 651,674 622,677 621,677 620,677 603,688 596,685 595,685 594,685 575,688 559,693 526,693 520,688 501,675 500,675 500,675 499,675 437,687 413,685 412,685 411,685 410,685 404,688 396,693 389,688 368,677 367,677 366,677 309,678 308,678 287,689 275,695 253,689 253,717 253,737"/>
        <pc:Baseline points="253,717 940,709"/>
        <pc:TextEquiv index="0">
          <pc:Unicode>zu kom̅en pflegen. Es waren bisweilen</pc:Unicode>
        </pc:TextEquiv>
      </pc:TextLine>
      <pc:TextLine id="eSc_line_d39d4e42" custom="structure {type:default;}">
        <pc:Coords points="248,769 248,781 284,779 301,781 315,783 316,783 317,783 322,780 327,779 333,780 353,788 354,788 354,788 355,788 356,788 368,780 372,778 381,780 414,789 415,789 416,789 416,789 417,789 430,779 433,778 448,779 472,781 473,781 500,779 524,776 531,778 553,788 554,788 555,788 607,787 608,787 644,778 671,785 672,785 673,785 715,776 716,776 717,776 787,785 788,785 809,784 810,784 830,774 834,772 842,774 853,777 854,777 854,777 855,777 864,774 870,771 874,773 886,783 887,783 888,783 889,783 890,783 891,783 905,773 943,772 943,761 942,740 908,725 907,725 906,725 906,725 860,741 857,742 856,741 835,726 834,726 833,726 833,726 725,727 724,727 693,743 690,745 598,745 596,745 553,728 552,728 552,728 533,731 532,731 531,731 512,746 511,747 441,747 440,747 399,730 398,730 397,730 345,737 327,732 326,732 325,732 324,732 323,732 317,738 247,748 248,769"/>
        <pc:Baseline points="248,769 943,761"/>
        <pc:TextEquiv index="0">
          <pc:Unicode>an 40 Perſonen beyſam̅en. Die Einwohner</pc:Unicode>
        </pc:TextEquiv>
      </pc:TextLine>
      <pc:TextLine id="eSc_line_9c62a253" custom="structure {type:default;}">
        <pc:Coords points="249,825 249,838 325,834 336,838 350,843 351,843 352,843 420,842 421,842 432,838 443,833 499,838 507,838 508,838 511,838 529,834 536,838 541,840 542,840 543,840 544,840 552,838 570,832 598,837 604,838 604,838 605,838 607,837 621,832 647,837 667,841 668,841 706,837 752,832 766,837 771,839 772,839 773,839 774,839 775,839 778,837 787,831 833,837 839,837 840,837 841,837 842,837 855,830 876,837 884,839 885,839 885,839 886,839 894,837 909,831 931,836 933,820 930,798 789,798 788,798 767,784 766,784 765,784 704,780 703,780 600,781 599,781 598,781 583,792 552,782 551,782 523,782 522,782 521,782 475,798 448,786 447,786 447,786 446,786 420,800 417,800 402,800 333,793 332,793 331,793 319,798 299,785 298,785 297,785 296,785 295,785 294,785 272,800 270,801 248,800 249,825"/>
        <pc:Baseline points="249,825 933,820"/>
        <pc:TextEquiv index="0">
          <pc:Unicode>waren jezt mit der Ausſaat des Som̅er⸗</pc:Unicode>
        </pc:TextEquiv>
      </pc:TextLine>
      <pc:TextLine id="eSc_line_b5d47dd7" custom="structure {type:default;}">
        <pc:Coords points="248,902 269,901 270,901 290,890 322,896 323,896 324,896 341,889 385,893 385,893 420,888 446,891 453,896 456,899 457,899 458,899 458,900 505,900 505,899 527,894 556,888 570,893 578,896 579,896 580,896 581,896 594,893 598,892 600,893 609,897 610,897 611,897 612,897 622,892 624,891 629,892 660,897 661,897 662,897 677,890 687,885 693,890 694,891 695,891 696,891 697,891 697,891 702,890 718,885 737,889 756,892 757,892 758,892 765,888 769,885 772,887 776,890 777,890 778,890 779,890 802,887 821,884 828,886 856,894 857,894 858,895 907,895 907,894 908,894 909,894 920,884 937,883 937,872 934,851 719,852 715,850 691,834 690,834 689,834 674,834 673,834 672,834 671,834 671,835 665,841 639,835 638,835 587,841 561,836 560,836 446,841 430,837 429,837 428,837 427,837 427,837 408,848 389,840 388,840 387,840 386,840 370,848 359,843 358,843 357,843 356,843 345,848 332,838 331,838 330,838 329,838 302,839 301,839 281,850 267,857 248,850 248,880 248,902"/>
        <pc:Baseline points="248,880 937,872"/>
        <pc:TextEquiv index="0">
          <pc:Unicode>getreides beſchäftigt; daher wir am Tage</pc:Unicode>
        </pc:TextEquiv>
      </pc:TextLine>
      <pc:TextLine id="eSc_line_0f98e4d3" custom="structure {type:default;}">
        <pc:Coords points="248,933 248,941 271,951 272,951 273,951 274,951 275,951 290,942 345,945 346,945 347,945 366,941 385,949 386,949 387,949 388,949 406,942 425,950 426,950 427,951 466,951 466,950 467,950 489,941 512,941 524,949 525,949 526,949 527,949 595,941 628,948 629,948 630,948 666,938 683,945 684,945 685,945 686,945 705,940 715,947 716,947 717,947 718,948 764,948 764,947 765,947 801,938 893,938 909,943 910,943 911,943 912,943 937,934 937,925 936,899 904,891 903,891 902,891 885,900 870,907 856,900 846,895 845,895 844,895 822,898 802,892 802,892 801,892 748,893 747,893 746,893 738,900 723,893 722,893 678,893 677,893 659,893 658,893 657,893 643,904 635,910 568,911 560,906 541,894 540,894 539,894 538,894 537,894 504,907 495,911 487,908 476,904 475,904 474,904 473,904 461,908 451,912 379,910 338,909 337,909 312,911 287,914 280,912 260,906 260,906 259,906 258,906 247,911 248,933"/>
        <pc:Baseline points="248,933 937,925"/>
        <pc:TextEquiv index="0">
          <pc:Unicode>nur diejenigen Freunde beſuchen konten,</pc:Unicode>
        </pc:TextEquiv>
      </pc:TextLine>
      <pc:TextLine id="eSc_line_f0a07b06" custom="structure {type:default;}">
        <pc:Coords points="248,991 248,1000 399,1008 400,1008 454,998 456,998 457,998 510,1007 510,1007 511,1007 531,998 544,1006 545,1006 546,1006 584,997 590,996 593,997 616,1005 617,1005 618,1006 644,1006 644,1005 645,1005 665,996 666,996 674,1000 675,1000 676,1000 717,996 729,1003 729,1003 730,1003 731,1004 758,1004 758,1003 790,1002 791,1002 791,1002 800,995 807,1000 808,1000 809,1000 810,1000 860,994 873,992 876,993 892,999 893,999 894,999 895,999 906,993 906,978 904,956 879,956 848,945 847,945 846,945 845,945 825,956 812,945 812,945 811,945 810,945 782,945 781,945 754,957 752,958 736,958 735,957 711,946 710,946 709,946 708,946 708,946 694,957 694,958 693,957 679,952 678,952 677,952 677,952 659,956 645,949 644,949 643,949 642,949 625,958 623,960 582,960 580,959 568,949 567,949 566,949 553,949 552,949 552,949 518,958 471,950 470,950 455,951 454,951 453,951 440,961 439,961 437,961 370,956 369,956 368,956 345,962 332,956 331,956 330,956 329,956 307,963 301,965 299,963 288,954 287,954 286,954 267,954 266,954 265,954 247,962 248,991"/>
        <pc:Baseline points="248,991 664,987 906,978"/>
        <pc:TextEquiv index="0">
          <pc:Unicode>die keinen Ackerbau trieben. Jn dem</pc:Unicode>
        </pc:TextEquiv>
      </pc:TextLine>
      <pc:TextLine id="eSc_line_640ebfb0" custom="structure {type:default;}">
        <pc:Coords points="248,1045 248,1061 294,1066 295,1066 296,1066 308,1060 317,1057 323,1060 324,1061 325,1061 326,1061 327,1061 328,1061 329,1061 330,1060 337,1055 374,1055 383,1060 384,1060 385,1060 385,1060 386,1060 387,1060 389,1060 402,1054 424,1060 447,1064 447,1064 448,1064 463,1059 479,1053 497,1058 503,1060 504,1060 505,1060 506,1060 512,1058 527,1053 533,1058 541,1062 541,1062 542,1062 543,1062 544,1062 545,1062 552,1057 557,1053 572,1057 585,1060 586,1060 587,1060 598,1057 610,1053 616,1056 625,1061 626,1061 627,1062 664,1062 664,1061 665,1061 677,1055 686,1050 719,1054 720,1054 744,1049 770,1054 804,1060 805,1060 841,1054 855,1059 856,1059 857,1059 858,1059 872,1052 876,1050 882,1052 891,1055 892,1055 893,1055 917,1051 917,1036 914,998 891,1004 880,999 878,998 877,998 876,998 875,998 875,998 874,999 848,1015 732,1015 716,1004 713,1001 712,1001 711,1001 710,1001 709,1001 705,1004 697,1008 687,1004 676,1001 675,1001 674,1001 673,1001 666,1005 644,1018 632,1018 616,1007 615,1007 614,1007 614,1007 613,1007 591,1015 581,1008 575,1003 574,1003 573,1003 572,1003 518,1004 489,1009 445,1018 427,1016 423,1011 416,1005 415,1005 414,1005 395,1005 395,1005 394,1005 393,1005 393,1006 385,1012 378,1018 347,1016 345,1014 336,1006 335,1006 334,1006 321,1006 320,1006 319,1006 318,1006 304,1015 293,1021 247,1017 248,1045"/>
        <pc:Baseline points="248,1045 598,1044 917,1036"/>
        <pc:TextEquiv index="0">
          <pc:Unicode>lezten langen Winter haben die zahl⸗</pc:Unicode>
        </pc:TextEquiv>
      </pc:TextLine>
      <pc:TextLine id="eSc_line_079b5026" custom="structure {type:default;}">
        <pc:Coords points="247,1101 247,1115 297,1122 298,1122 333,1119 334,1119 335,1119 343,1113 352,1110 384,1110 389,1112 399,1121 400,1121 401,1121 402,1121 443,1120 444,1120 445,1120 454,1111 458,1108 487,1111 503,1112 504,1112 505,1112 506,1112 509,1111 514,1107 545,1110 558,1111 559,1111 567,1110 584,1106 591,1109 595,1111 596,1111 597,1111 598,1111 603,1109 610,1105 621,1108 647,1116 648,1116 649,1116 650,1116 678,1109 711,1115 712,1115 752,1114 753,1114 781,1105 785,1104 791,1105 814,1110 815,1110 816,1110 817,1110 825,1104 828,1102 833,1104 843,1108 843,1108 844,1108 866,1103 877,1101 884,1103 905,1110 906,1110 906,1110 907,1110 921,1102 921,1089 917,1052 906,1057 878,1055 877,1055 876,1055 857,1064 838,1057 837,1057 836,1057 835,1057 812,1067 788,1067 770,1057 764,1055 763,1055 762,1055 749,1058 733,1061 712,1060 687,1057 687,1057 686,1057 685,1057 680,1060 670,1069 658,1069 640,1061 630,1058 629,1058 628,1058 627,1058 618,1062 605,1070 580,1064 555,1059 554,1059 524,1066 500,1072 475,1072 468,1068 458,1061 457,1061 456,1061 455,1061 454,1061 453,1061 444,1069 439,1072 427,1072 420,1070 404,1061 403,1061 402,1061 355,1069 333,1063 332,1063 331,1063 330,1063 329,1063 314,1073 312,1075 246,1075 247,1101"/>
        <pc:Baseline points="247,1101 921,1089"/>
        <pc:TextEquiv index="0">
          <pc:Unicode>reichen Viehheerden der hiesigen Kolo⸗</pc:Unicode>
        </pc:TextEquiv>
      </pc:TextLine>
      <pc:TextLine id="eSc_line_cac020c5" custom="structure {type:default;}">
        <pc:Coords points="896,1121 888,1126 807,1126 799,1122 781,1112 780,1112 779,1112 778,1112 777,1112 762,1122 753,1128 719,1128 713,1122 710,1121 709,1121 708,1121 708,1121 681,1123 667,1124 666,1123 660,1119 659,1119 658,1119 657,1119 656,1119 641,1123 624,1129 617,1123 604,1114 604,1114 603,1114 591,1114 590,1114 589,1114 571,1124 568,1126 545,1128 535,1124 510,1115 509,1115 508,1115 442,1116 441,1116 423,1126 413,1132 363,1126 356,1126 347,1118 346,1118 345,1118 312,1118 312,1118 311,1118 297,1124 288,1119 287,1119 286,1119 285,1119 284,1119 268,1128 259,1132 248,1128 248,1154 249,1174 261,1168 282,1174 283,1174 284,1174 285,1174 319,1163 343,1169 344,1169 345,1169 385,1161 414,1166 415,1166 444,1160 492,1160 500,1164 501,1164 502,1164 503,1164 504,1164 520,1160 550,1169 552,1170 552,1170 553,1170 554,1170 556,1169 581,1158 604,1166 605,1166 606,1166 627,1163 642,1168 643,1168 644,1168 645,1169 684,1169 684,1168 685,1168 686,1168 687,1167 692,1163 741,1166 764,1167 765,1167 766,1167 767,1167 769,1165 786,1155 806,1162 807,1162 808,1162 809,1162 810,1162 817,1155 881,1154 898,1163 901,1145 896,1121"/>
        <pc:Baseline points="248,1154 901,1145"/>
        <pc:TextEquiv index="0">
          <pc:Unicode>niſten aus Mangel an genugſamen</pc:Unicode>
        </pc:TextEquiv>
      </pc:TextLine>
      <pc:TextLine id="eSc_line_b9e6df38" custom="structure {type:default;}">
        <pc:Coords points="250,1207 250,1227 301,1216 324,1223 325,1223 326,1223 327,1223 337,1217 342,1222 343,1222 343,1222 344,1222 363,1218 372,1226 373,1226 374,1226 375,1226 375,1226 377,1225 390,1221 412,1225 423,1226 424,1226 425,1226 426,1226 427,1224 432,1220 437,1224 438,1226 439,1226 440,1226 441,1226 476,1226 476,1226 477,1226 485,1223 509,1215 533,1221 534,1221 535,1221 536,1221 552,1215 586,1215 598,1220 604,1223 604,1223 605,1223 606,1223 614,1220 617,1218 620,1220 624,1223 625,1223 625,1223 626,1223 627,1223 638,1219 656,1214 692,1214 698,1218 705,1223 706,1223 707,1223 708,1224 722,1224 722,1223 723,1223 724,1223 732,1217 740,1213 760,1216 765,1217 766,1217 767,1217 770,1216 782,1213 788,1216 792,1219 793,1219 794,1219 795,1219 796,1219 797,1219 801,1215 805,1212 827,1212 839,1215 862,1222 863,1222 864,1223 898,1223 898,1222 899,1222 929,1213 929,1202 926,1167 888,1181 828,1181 809,1170 801,1166 800,1166 799,1166 798,1166 797,1166 791,1171 774,1181 738,1175 737,1175 702,1183 628,1183 614,1176 599,1170 598,1170 515,1168 514,1168 513,1168 512,1168 497,1179 494,1182 490,1179 483,1174 482,1174 481,1174 480,1174 479,1174 468,1180 462,1183 458,1180 433,1169 432,1169 409,1169 408,1169 407,1169 368,1183 364,1184 360,1183 333,1170 332,1170 279,1170 278,1170 277,1170 250,1184 250,1207"/>
        <pc:Baseline points="250,1207 929,1202"/>
        <pc:TextEquiv index="0">
          <pc:Unicode>Futter ſehr gelitten, u. wir fanden meh⸗</pc:Unicode>
        </pc:TextEquiv>
      </pc:TextLine>
      <pc:TextLine id="eSc_line_3f587abf" custom="structure {type:default;}">
        <pc:Coords points="249,1264 249,1274 309,1278 310,1278 333,1275 353,1272 357,1275 365,1281 366,1281 367,1281 368,1282 416,1282 416,1281 417,1281 436,1275 447,1271 466,1275 469,1276 470,1276 476,1275 502,1271 520,1276 538,1280 539,1280 540,1280 541,1280 559,1276 565,1274 571,1276 581,1279 582,1279 583,1280 633,1280 633,1279 634,1279 644,1276 648,1275 730,1275 731,1275 732,1275 733,1275 740,1269 780,1275 781,1275 867,1267 879,1275 880,1275 881,1275 882,1275 883,1275 905,1267 917,1277 918,1277 919,1277 920,1278 945,1278 946,1257 943,1226 926,1226 924,1226 901,1217 900,1217 899,1217 898,1217 878,1224 853,1215 852,1215 851,1215 850,1215 828,1223 809,1216 808,1216 746,1216 745,1216 744,1216 743,1216 743,1217 739,1221 729,1217 729,1217 728,1217 727,1217 703,1227 699,1229 662,1229 659,1227 645,1218 644,1218 643,1218 610,1218 609,1218 608,1218 592,1226 579,1221 578,1221 577,1221 576,1221 575,1221 566,1228 563,1230 545,1230 541,1228 525,1219 524,1219 503,1219 502,1219 501,1219 500,1219 489,1228 486,1231 437,1231 433,1228 424,1223 423,1223 422,1223 393,1220 364,1220 363,1220 362,1220 361,1220 347,1229 344,1230 248,1230 249,1264"/>
        <pc:Baseline points="249,1264 946,1257"/>
        <pc:TextEquiv index="0">
          <pc:Unicode>rere Dächer abgedekt, weil das alte Stroh</pc:Unicode>
        </pc:TextEquiv>
      </pc:TextLine>
      <pc:TextLine id="eSc_line_fb1b9be7" custom="structure {type:default;}">
        <pc:Coords points="248,1319 248,1340 282,1335 291,1340 291,1340 292,1340 293,1340 318,1340 319,1340 320,1340 333,1330 423,1337 424,1337 425,1337 443,1328 477,1334 478,1334 479,1334 500,1327 523,1327 546,1337 547,1337 548,1337 569,1337 581,1336 582,1336 583,1336 595,1325 623,1324 687,1324 704,1332 705,1332 729,1334 735,1334 736,1334 770,1333 771,1333 772,1333 789,1323 935,1330 936,1309 933,1286 837,1287 836,1287 801,1275 800,1275 799,1275 798,1275 770,1288 770,1288 733,1288 731,1288 704,1273 703,1273 685,1273 684,1273 683,1273 642,1288 585,1275 558,1275 557,1275 524,1276 523,1276 522,1276 506,1286 469,1277 468,1277 468,1277 467,1277 466,1277 446,1289 433,1286 432,1286 431,1286 430,1286 413,1292 370,1278 369,1278 368,1278 319,1285 280,1282 279,1282 278,1282 277,1282 260,1295 260,1296 247,1296 248,1319"/>
        <pc:Baseline points="248,1319 936,1309"/>
        <pc:TextEquiv index="0">
          <pc:Unicode>derſelben fürs Vieh verbraucht worden</pc:Unicode>
        </pc:TextEquiv>
      </pc:TextLine>
      <pc:TextLine id="eSc_line_35122bf3" custom="structure {type:default;}">
        <pc:Coords points="249,1371 249,1382 277,1387 278,1387 279,1387 291,1382 298,1381 306,1382 324,1386 325,1386 347,1382 348,1370 347,1351 337,1347 336,1347 335,1347 320,1351 314,1351 312,1350 309,1347 308,1347 307,1347 306,1347 291,1349 269,1352 248,1348 249,1371"/>
        <pc:Baseline points="249,1371 348,1370"/>
        <pc:TextEquiv index="0">
          <pc:Unicode>war.</pc:Unicode>
        </pc:TextEquiv>
      </pc:TextLine>
      <pc:TextLine id="eSc_line_e7435124" custom="structure {type:default;}">
        <pc:Coords points="930,1386 928,1374 839,1373 839,1390 838,1403 931,1403 932,1392 931,1386 930,1386"/>
        <pc:Baseline points="839,1390 932,1392"/>
        <pc:TextEquiv index="0">
          <pc:Unicode>Son̅a⸗</pc:Unicode>
        </pc:TextEquiv>
      </pc:TextLine>
    </pc:TextRegion>
  </pc:Page>
</pc:PcGts>
