1000 1640
42 116 749 191 Berichte Engliſcher Gemeinen, 1804 u 1805.
743 121 798 182 121.
44 193 739 258 u er fürchtete, daß, da er der Gnade untreu gewor⸗
35 251 742 316 den ſey, u wider beſſer Wissen u Gewiſſen geſündigt
35 302 749 371 habe, für ihn keine Gnade bey Gott zu finden ſey.
41 358 731 417 Er ließ den Br. Horn zu ſich bitten, der von dieſer
38 414 744 478 Zeit an zwey Monate lang ihn faſt täglich beſuchte,
38 470 734 529 u ihm Muth machte, im Glauben an das Verdienſt
41 522 748 587 Jeſu zu dem erbarmungsvollen Herzen unſers Hei⸗
41 579 742 640 landes ſeine Zuflucht zu nehmen, welcher auch für
41 636 738 694 die Abtrün̅igen Gaben empfangen habe. Es gefiel
43 689 745 748 unſerm l. Herrn ſeinen Segen auf dieſen Zuſpruch
44 741 733 793 zu legen, u die Bitte, die von dem Kranken u
49 791 734 852 für ihn zu Seinem Throne geſchickt wurden, in
45 846 742 904 Gnaden zu erhören, ſo daß das Vertrauen dieſer
46 895 753 956 tief beküm̅erten Seele zu dem Heiland der Sün⸗
46 953 742 1012 der von Tag zu Tag feſter wurde. Ungefähr
47 1007 742 1067 14 Tage vor ſeinem Ende ſagte er, er kön̅e jetzt
50 1059 751 1122 glauben, daß der Heiland ihn zu Gnaden annehme,
51 1116 735 1170 u ihm alle ſeine Sünden vergebe; aber noch ſehne
52 1168 740 1229 er ſich darnach, das Zeugniß des heiligen Geistes
52 1223 725 1277 in ſeinem Herzen zu vernehmen, daß er ein
49 1273 758 1330 Kind Gottes ſey. Er wurde ermuntert, anzuhal⸗
56 1325 744 1383 ten im Gebet, dan̅ werde der, der das gute Werk
700 1378 752 1440 an⸗
