1000 1640
105 98 662 188 Erzgebürge, Franken p. 1805.
704 113 787 174 207.
41 181 716 246 in der Liebe mit ſich vereinigen wolle.
40 238 720 302 Sie zerfloſſen dabey in Thränen, u. ver⸗
44 290 715 359 ſprachen mir mit Hand u. Mund, daß ſie
41 339 719 414 dem Hld treu bleiben, u. bis ans Ende ih⸗
43 396 720 463 res Lebens ihn lieben wolten. Anmerk⸗
42 455 714 522 lich iſt, daß ſich die Eltern dieſer Töchter
43 509 692 580 nicht zu den Erwekten halten. Ein paar
43 563 738 632 von ihnen haben nachher um Erlaubniß ge⸗
45 620 726 686 beten, unſre Erbauungs⸗Versam̅lungen
48 672 386 738 beſuchen zu dürfen.
82 719 741 790 Da ſich bey unſerm Beſuch in Rothenburg
51 790 742 840 an der Tauber in Franken für meine Frau
51 833 725 902 die ſich nicht wohl befand, eine Gelegen⸗
49 885 727 954 heit machte, daß ſie nach Weſtheim kom⸗
50 941 746 1009 men konte, um ſich daſelbst der medicini⸗
52 994 691 1059 ſchen Kentniß des mit uns bekanten
53 1042 729 1117 Paſt. Feilers zu bedienen, ſo begab ſie ſich
52 1104 735 1177 dorthin; ich aber ging von Rothenburg nach
51 1153 701 1223 Nieder⸗Stetten. Daſelbſt werden die
53 1213 759 1281 Erwekten jezt zwar nicht mehr ſo gedrükt,
56 1265 735 1332 wie ehedem; doch dürfen ſie ſich nicht ge⸗
58 1319 728 1385 trauen, mit einander Verſam̅lungen zu
670 1362 734 1426 hal⸗
