1000 1640
43 113 766 184 Berichte Engliſcher Gemeinen, 1804 u 1805.
759 128 807 184 123.
49 200 732 267 geſehnt habe, das koſtbare Evangelium wieder zu
45 256 734 321 hören, welches ſeiner Seele ſo wohl thue. Er habe,
48 313 737 372 ſetzte er hinzu, ehedem in einer unſrer Gemeinen
47 369 747 422 im nördlichen Theile von England gewohnt, u es ver⸗
45 417 738 483 urſache ihm jetzt vielen Kum̅er, daß er ſich dieſes
48 471 742 538 Glückes verluſtig gemacht habe. Auch habe er ver⸗
47 527 742 591 ſchiedene harte Prüfungen zu erfahren gehabt, ſeit⸗
50 584 626 646 dem er ſeine eigene Wege gegangen ſey.
97 637 754 692 Unter den in dieſem Zeitraum heimgegangenen
53 690 591 754 Geſchwiſtern befanden ſich folgende:
109 743 742 799 Jn Bath entſchlief am 28ſten Febr. 1805 der
57 795 747 857 verh. Br. Edvard Jeffries im 87ſten Jahre ſeines
53 851 749 913 Alters. Er war ſeit der Einweihung der Brüder⸗
52 904 743 965 Capelle in Bath, nemlich ſeit dem J. 1765 erſter
56 958 757 1014 Saaldiener geweſen, u hatte dieſes Geſchäft mit vieler
59 1012 746 1063 Treue verwaltet, indem er es für ein Glück hielt,
61 1064 750 1125 Thürhüter in ſeines Gottes Hauſe zu ſeyn. Auch
61 1120 752 1177 legte er dieſes Amt nur ungern nieder, als zu⸗
60 1174 756 1231 nehmende Altersſchwäche ihn unfähig machten, daſ⸗
60 1224 752 1283 ſelbe länger zu beſorgen. Da er nun zu nichts
62 1277 742 1338 mehr nützlich zu ſeyn glaubte, ſo ſehnte er ſich
61 1327 755 1393 von Herzen nach ſeiner Auflöſung. Doch war dieſer
654 1370 744 1433 Wunſch
