1000 1642
76 135 765 183 Von Stockholm 1801, 1802 u 1803.
765 149 827 198 55.
77 224 766 290 Geſchwiſtern fleißig u zum Segen für ihre
80 280 763 339 Herzen angehört werden. Es iſt dieſes um ſo
76 334 771 393 ſchätzbarer, da in hieſiger Stadt die Zahl evan⸗
77 384 698 449 geliſcher Prediger im̅er geringer wird.
118 435 780 498 Bald zu Anfang des Jahres 1803 erhielten
77 488 770 547 wir aus Fin̅land Nachricht von den am 15ten
82 544 773 607 Januar erfolgten ſeligen Heimgang von zwey
78 598 763 661 ſehr würdigen Perſonen, welche beyde die
75 651 780 711 Brüdergemeine kan̅ten u liebten. Der erſte
77 700 781 769 war der Profeſſor der Theologie zu Åbo Doc⸗
77 758 781 818 tor Lars Lefreen, der auf dortiger Univer-
81 813 775 881 ſität vielen Segen gestiftet hat. Er war
82 864 791 933 ein allgemein geſchätzter Man̅, u wurde auch
83 918 779 981 von denen geehrt u geliebt, die nicht ſeines
85 974 793 1035 Glaubens waren. Bey einer ausgebreiteten
86 1022 777 1096 Theologiſchen u Philoſophiſchen Gelehrſamkeit
87 1080 791 1141 hatte er ein einfältiges Herz, welches in dem
87 1128 791 1196 Evangelio von der Verſöhnung, die durch Je⸗
88 1182 791 1252 ſum geſtiftet iſt, wie in ſeinem Elemente
90 1234 788 1301 lebte. Er vollendete ſeinen Lauf auf ſei⸗
89 1286 791 1356 nem Landgute Hattanpä im 81ſten Jahre
94 1351 346 1403 ſeines Alters.
728 1392 789 1430 Die
