1000 1643
201 104 284 163 156.
327 100 892 163 Stadt⸗ und Land⸗Gemeinen
234 177 913 243 Zurückſendung derſelben an den Br. Bar⸗
228 231 932 303 dill ſeine Freude über das noch fortgehen⸗
231 287 907 352 de Werk Gottes in der Brüderunität, ſo
230 344 910 405 wie ſeine in̅ige Theilnahme an der Aus⸗
230 397 878 461 breitung des Reichs Gottes unter den
230 450 376 511 Heiden.
263 498 910 568 Jn Philadelphia wohnte Br. Zäslein am
229 562 906 623 13t Dec. einer Zuſam̅enkunft der Predi⸗
230 622 912 680 ger dieſer Stadt bey, in welcher beſchloſ⸗
228 677 913 741 ſen wurde, am 1t Jan. 1805. einen feyer⸗
226 728 822 793 lichen Dank⸗ u. Bettag zu begehen.
268 781 909 843 Jn demſelben Monat bekam Br. Zäs⸗
228 837 889 898 lein einen Beſuch von einem Mitglied
226 895 906 952 der Presbyterianiſchen Miſſions⸗Socie⸗
223 943 913 1008 tät, welcher ihn im Auftrag derſelben er⸗
224 1004 909 1067 ſuchte, zu einem Evangeliſchen Magazin,
223 1060 905 1119 welches dieſe Geſellſchaft herauszuge⸗
221 1113 902 1171 ben gedenkt, aus unſern Miſſionsberich⸗
221 1169 912 1229 ten u. andern Nachrichten den gegenwär⸗
221 1217 901 1287 tigen Zuſtand des Reiches Gottes betref⸗
223 1281 778 1341 fend einige Beyträge zu liefern.
263 1326 897 1397 Gedachte Miſſions⸗Societät wurde in
831 1370 905 1416 Ab⸗
