1000 1643
197 105 283 171 216.
323 108 828 187 Diaspora im Vogtland,
243 188 927 256 Freude gemacht, da ſehen doch die jungen
239 244 913 303 Leute, daß andere eben ſo denken wie
238 292 864 359 wir. Er meinte ſich u. den D. Sailer.
236 349 924 414 Unter dieſer Zeit war lezterer nach Hau⸗
237 404 921 471 ſe gekom̅en. Nach herzlicher Begrüßung
236 467 920 524 führte er mich bald zu dem in ſeiner Stu⸗
236 511 907 579 be hängenden Bildniß des ſel. Br. Span⸗
235 566 917 638 genbergs, u. ſagte: Dieſen Mann ſchäze
234 628 903 693 ich ſehr. Jch mußte ihm darauf eins und
234 681 916 744 das andere aus meinem Lebenslaufe,
236 733 905 800 ſonderlich von meiner Erweckung, und
232 782 899 858 wie ich zur Brüdergemeine gekom̅en
233 836 915 907 ſey, erzählen. Er erkundigte ſich auch nach
231 899 920 959 dem Gang unſrer Mißionen, u. überhaupt
232 956 868 1017 war er ſo vertraulich gegen mich, als
231 1014 889 1069 wären wir ſchon lange mit einander
231 1066 912 1127 bekant geweſen; wie den̅ auch ſein Cha⸗
231 1114 887 1180 racter heiter, offen u. lebhaft iſt. Er
231 1169 902 1236 freute ſich ſehr, daß ich einige erwekte
229 1228 911 1292 Geiſtliche, die ſeine Schüler geweſen wa⸗
231 1285 894 1345 ren, perſönlich kenne, u. er nahm an ih⸗
229 1335 885 1404 rem Ergehen ſehr nahen Antheil. Am
836 1366 903 1421 fol⸗
