1000 1641
162 128 225 187 72.
233 120 854 180 Beſuch in Mähren, April 1806.
206 215 896 267 jenigen ihrer armen Unterthanen, welche nur
200 270 903 326 wenige oder gar keine beſitzen, gegen ein
199 324 890 381 billiges Kaufgeld zu überlaſſen. Da ich ihm
203 374 898 434 hierauf zu erken̅en gab, daß uns dieſes Gut
199 430 902 488 wegen ſeiner ehemaligen Beſitzer gar ſehr in⸗
197 484 895 544 tereſſant ſey, u ich ihm den Namen Zeisberger
197 534 905 595 nan̅te, ſagte er: Ja, das ſind die Leute, über
194 588 927 658 die ich ſchon ſo oft ſchimpfen u ſchelten gehört habe;
195 645 916 707 ſie hatten an nichts Mangel u lauter gute Tage,
196 697 899 755 u doch waren ſie ſo thöricht u liefen davon,
196 754 904 811 ohne daß jemand wußte, warum. Wir erwie⸗
196 812 895 861 derten ihm, wie dieſen lieben Leuten die
192 861 902 919 Sorge für ihre unſterblichen Seelen mehr am
197 914 905 975 Herzen gelegen habe, als alle Güter u Reich⸗
195 968 897 1028 thümer dieſer Welt, welche nach dem Tode doch
193 1021 905 1081 nicht glücklich machen kön̅ten; u daß dieſelben
193 1080 899 1135 darum dieſe ſchönen Felder u Grundſtücke ver⸗
191 1133 902 1188 laſſen hätten, damit ſie Gott ihrem Heiland,
195 1186 901 1243 den ſie von Herzen lieb gehabt hätten, frey
190 1238 895 1294 u ungeſtört, wie ſie es zur damaligen Zeit
193 1293 892 1343 hier nicht kon̅ten, dienen u leben möchten.
190 1341 900 1405 Nachdem wir auf ſein Befragen noch einige
850 1391 879 1452 Er⸗
