1000 1642
87 131 702 217 Beſuch in Mähren, April 1806.
736 131 813 183 103.
52 210 739 279 der evangeliſche Man̅. Er freute ſich herzlich
50 264 732 331 über unſern Beſuch, u da dieſer nur kurz
51 318 743 387 dauerte, ſo ging er noch ein Stück Weges zur
56 374 743 440 Begleitung mit, wobey wir uns recht erbaulich
52 431 501 488 mit ihm unterhalten kon̅ten.
98 477 750 538 Ueber Freudenthal u das Gebirge wurde
55 534 747 602 von hier aus unſre Reiſe weiter fortgeſetzt.
59 592 755 654 Da dieſe Gegend ſehr viele arme u zum Theil
62 642 755 713 äußerſt dürftige Einwohner enthält, die Mitleid
64 699 768 761 erregen, ſo nahmen wir Gelegenheit im Namen
61 753 762 818 der wohltätigen Geſellſchaft hier u da eine kleine
63 810 760 871 Gabe auszuſpenden, wofür dem Heiland mancher
67 862 775 924 in̅ige Dank, u für jene edlen Menſchenfreunde
67 914 760 981 mancher Herzenswunſch für Zeit u Ewigkeit dar⸗
71 973 281 1029 gelegt wurde.
115 1016 759 1083 Jn Kreuzberg kehrten wir bey unſerm Br.
72 1070 753 1137 Hornig ein, u vergnügten uns mit ihm in
69 1128 756 1193 dieſer ſchönen bergigten Gegend ſelbigen Tag,
71 1182 757 1239 am 30ſten, ſehr angenehm. Da in ſeinem
73 1233 751 1291 Umkreiſe ebenfalls ſehr viele Nothleidende u
72 1286 767 1346 durch die gegenwärtige Zeit verunglückte Per⸗
72 1337 762 1404 ſonen ſind, dieſelben theils aber nicht zu Hauſe,
687 1382 761 1443 theils
