1000 1640
89 110 643 188 Erzgebürge, Franken p. 1805.
702 122 771 167 211.
35 181 699 250 kan̅t haben, u. zwar aller Orten, wohin
31 237 731 302 er auf ſeinen Geſchäftsreiſen zu kom̅en
38 291 729 359 pflegte, wurde er als ein rechtſchaffener
38 343 701 410 Mann, u. von den Geſchwiſtern als ein
36 398 712 467 wahres Kind Gottes geachtet u. geliebt.
34 454 716 522 Seine sel. Frau war eine ſehr ſanftmü⸗
39 508 696 581 thige, ſtille Schweſter, welche nicht viel
37 566 715 633 Worte machte. Wenn ſie ſich jedoch über
42 620 733 691 ihren Seelenzuſtand erklärte, ſo geſchahe
42 672 718 742 es mit Herzensgefühl, u. man kon̅te ſie
42 721 726 797 in der That für ein wahres begnadigtes
41 780 400 851 Kind Gottes halten.
86 833 721 903 Auf meiner weitern Reiſe mit dem
48 886 711 961 Poſtwagen nach Regensburg hatte ich
49 936 724 1014 einige Katholiken zur Geſellſchaft. Da
49 994 726 1067 mich dieſe für einen Geiſtlichen hielten,
52 1056 738 1123 ſo fragte mich einer von ihnen, ein junger
51 1101 731 1172 katholiſcher Mann: Welchen Stand, wel⸗
53 1153 719 1230 chen Beruf u. welche Religion ich für die
53 1208 727 1284 beſten hielte? Jch antwortete ihm: Der
53 1263 739 1335 Stand, in welchen Gott nach ſeiner Weis⸗
57 1317 736 1395 heit einen jeden Menſchen geſezt hat, iſt
653 1368 737 1421 im̅er
