1000 1641
159 121 223 181 66.
242 121 902 182 Beſuch in Mähren, April 1806.
208 222 903 279 mit dieſer Verrichtung zugleich einen Beſuch
206 279 912 331 bey unſern lieben Geſchwiſtern u Freunden in
208 333 584 383 Mähren zu verbinden.
236 381 904 434 Die zeitherigen Gerüchte von der in den
206 434 913 491 daſigen Gegenden ſehr ſtark graſſirenden epi⸗
205 490 908 548 demiſchen Krankheit hatten ſich ſeit kurzem
204 547 917 596 ſo gemildert, daß wir im Vertrauen auf unſern
200 596 914 653 lieben Herrn am 16ten April unſre Reiſe nach
204 647 916 705 der kaiſerlichen Gränzſtadt Troppau antreten
204 703 916 761 kon̅ten. Auf vorher eingezogene Erkundigung
204 757 913 820 u geſchehenes Anſuchen hatten ſich Seine Hoch⸗
202 811 915 868 würden, der daſige Herr Erzprieſter u Conſisto⸗
204 865 917 918 rialrath Schwab ſehr bereitwillig erklärt, uns
202 918 906 974 zum weitern ungehinderten Fortkom̅en die
201 976 910 1034 nöthigen Päſſe zu beſorgen, u alsbald nach
201 1026 904 1084 unſrer Ankunft beauftragte er einen von
208 1076 903 1135 ſeinen Secretärs, mit uns bey der Ober⸗
203 1133 908 1191 Polizey⸗Regierung in ſeinem Namen darum
204 1186 916 1249 anzuſuchen. Allein, ſo ſehr ſich auch dieſe Herren
205 1244 916 1300 von der wohlthätigen Abſicht unſrer Reiſe über⸗
205 1293 911 1351 zeugten, u ſo wenig Zweifel ſie in die Rich⸗
201 1341 919 1407 tigkeit unſers Preuſſiſchen Paſſes oder überhaupt
875 1395 901 1440 in
