1000 1641
155 128 192 181 8.
215 116 871 173 Brief von Br. Bonatz, Febr. 1806.
202 198 667 254 von hier wieder weiter gehen.
259 251 891 304 Unſre lieben Geſchwiſter werden mit uns
198 299 898 358 dem Heiland danken, der uns bisher ſo gnä⸗
199 349 895 412 dig geleitet, u uns auch bey guter Geſund⸗
200 406 896 461 heit erhalten hat. Was uns aber in dieſen
199 461 903 520 Tagen den größten Schmerz verurſachte, war
197 516 904 576 dieſes, daß wir die beyden Kiſten für unſre
195 576 896 633 lieben Geſchwiſter in BaviansKloof durch die
192 629 898 691 entſetzlichen Stürme zerſchlagen u die Sachen
186 684 895 744 darin zum Theil durchnäßt fanden. Einige
190 735 858 792 Stücke Leinwand waren ganz naß; wir
181 791 891 849 ./ meine Frau u ich / ſteckten ſie aber in
187 846 896 905 eine Ton̅e ſüßen Waſſers, wuſchen ſie aus,
187 900 889 955 u trockneten ſie wieder. So haben wir nun
185 953 908 1016 beynahe drey Tage gearbeitet, um die Sachen
184 1009 887 1070 vor fernerm Schaden zu bewahren. Durch
181 1061 891 1123 dieſe Umſtände iſt unſre Hoffnung, uns auf
182 1116 875 1173 dieſem ſchönen Lande etwas erquicken zu
182 1169 759 1223 kön̅en, faſt ganz vereitelt worden.
245 1217 886 1276 Wir empfehlen uns zu fernerm An⸗
182 1268 614 1322 denken vor dem Heiland.
