1000 1640
190 103 561 167 Gemeinen. 1805.
685 112 775 158 199.
31 170 709 250 Quelle unſrer Begnadigung u. Heili⸗
32 233 713 301 gung anprieß. Nach dieſer Predigt, die mit
31 287 705 356 vieler Aufmerkſamkeit angehört wurde,
30 342 712 415 hatte Br. Reichel mit gedachtem Spoenhau⸗
31 398 695 468 er u. einigen andren Hausvätern eine
30 452 692 522 Unterredung, wobey ſie ihres Herzens
32 507 712 584 Wunſch darlegten, daß ein Bruder bey ih⸗
33 570 699 639 nen wohnen, u. in dortiger Gegend eine
35 621 722 687 Brüdergemeine eingerichtet werden möch⸗
36 675 731 747 te. Mehrere von ihnen ſtam̅en von den Brü⸗
39 724 724 798 dern in der Gegend von Heidelberg u. Li⸗
39 782 699 857 banon her, u. einige erin̅erten ſich noch
36 828 741 904 mit vieler Liebe an den ſel. Br. Langgaard,
41 885 742 964 bey dem ſie als Kinder in die Schule gegan⸗
45 963 269 1014 gen waren.
80 992 742 1063 Noch wird in dem Diario von Salem un⸗
43 1046 711 1117 ter dem Monat May angemerkt, daß
48 1104 728 1174 auf einigen Plantagen unſrer Geſchwi⸗
47 1151 721 1228 ſter in der Nähe von Salem die Wölfe
51 1208 728 1285 großen Schaden thaten, u. faſt alle Scha⸗
49 1262 725 1343 fe tödteten. Es vereinigten ſich deshalb
637 1320 724 1386 meh⸗
