1000 1643
210 109 289 160 154.
321 104 927 162 Stadt⸗ und Land⸗Gemeinen
232 177 921 245 Jahren lang in Europa u. in Amerika ein
228 237 916 302 treuer Diener Jeſu geweſen ſey. Er ge⸗
225 298 894 355 dachte hierauf mit vieler Rührung der
231 345 925 415 Freundſchaft, die, ſolange er ſelbſt ſich auf
225 403 917 470 dieſer Jnſel befinde, zwiſchen ihnen ſtatt
226 460 933 530 gefunden habe, u. wie nützlich ihm, als einem
225 519 887 584 jungen Anfänger im Predigtamt der
222 578 915 644 Umgang u. gute Rath des Seligen gewe⸗
223 641 906 698 ſen ſey. Zulezt bemerkte er als etwas
223 691 900 753 beſonders erfreuliches, daß von jeher
223 743 908 805 zwiſchen der Engliſchen Bischöflichen u.
223 803 911 858 der Brüderkirche Liebe u. Harmonie ob⸗
221 845 904 914 gewaltet habe, u. äußerte die Hofnung,
221 905 908 966 daß dies auch künftig ſo fortdauern wer⸗
219 968 899 1028 de; wozu wir von Herzen Ja u. Amen
220 1027 358 1085 ſagten.
258 1063 917 1129 An 23t July erhielt Br. Braun einen
214 1121 905 1182 Brief vom erſten Major der Miliz⸗Com⸗
216 1177 921 1250 pagnie von Richmond, welcher ihm berich⸗
210 1226 926 1307 tete, daß die Officiere beſchloſſen hätten,
214 1291 886 1350 während der Trauer über den Tod des
211 1342 923 1411 General Hamilton jeden Son̅tag in einer
842 1393 916 1435 von
