1000 1642
49 117 700 183 Beſuch in Mähren, April 1806.
713 127 771 177 91.
31 208 739 278 Fürſtl. Gnaden mit beſonderm Leidweſen er⸗
34 264 729 336 zählten, wie vorzüglich die Geiſtlichen Jhres
34 318 745 388 unterhabenden Bezirks durch die franzöſiſchen
35 374 738 440 Truppen unglaublich viel zu leiden gehabt
37 421 750 496 hätten, thaten wir noch die unterthänige Bitte:
37 478 739 548 daß, da uns in Troppau ein obrigkeitlicher
38 533 739 604 Paß zu unſrer Reiſe nicht ertheilt worden
41 588 744 656 ſey, wir aber doch auf die Empfehlung, welche
42 644 745 711 hier zurückbleibe, dieſelbe angetreten hätten,
41 695 760 760 u nun den Rückweg doch nicht als verdächtige
45 748 746 819 Menſchen machen wollten, Se Fürſtl. Gnaden
46 802 742 878 ſich für unſer ungehindertes Durchkom̅en
48 856 747 929 gnädigſt zu verwenden geruhen möchten;
47 907 746 980 worauf dieſelben ſogleich einen Herrn den
47 962 751 1030 Auftrag ertheilten, uns von der Policei⸗Di⸗
49 1013 736 1077 rection einen Paß zu beſorgen, welcher
55 1068 747 1134 uns auch alsbald in unſer Logis überbracht
55 1118 755 1189 wurde. Zugleich ſandten dieſelben noch wäh⸗
50 1173 750 1237 rend unſrer Anweſenheit einen Boten an
54 1226 749 1293 den hier wohnenden evangeliſchen Prediger
58 1279 748 1348 ab, um ihn zu einer gemeinſchaftlichen
56 1331 758 1402 Berathſchlagung über die zweckmäßigſte Ver⸗
634 1378 750 1438 theilung
