1000 1642
201 108 896 180 266.  Br. Gregors Beſuch auf den
248 172 923 240 nahme des äußern Wohlſtandes dieſer
245 232 883 294 Colonie im Vergleich mit den vorigen
247 292 557 345 Zeiten wundern.
276 334 878 396 Außerdem aber hat dieſe Colonie
246 385 922 458 ſo wie Goloikaramisch ſehr fruchtbare
248 444 919 510 Felder; dahingegen Popofka u. Ustsoli⸗
244 498 892 564 cha meiſt ſchlechtes Land haben, u. ſich
242 553 913 623 nicht ſo erholen kön̅en. Auch haben die
243 614 924 673 beyden zuerſt genan̅ten Colonien vor⸗
243 665 923 734 züglich gutes Waßer. Zur Feurung be⸗
243 720 926 787 dient man ſich hier ſeit einiger Zeit des
242 774 920 839 überflüſſigen Düngers, der zu dieſem
244 829 923 898 Gebrauch auf eine beſondere Weiſe zu⸗
241 879 934 948 bereitet wird. Blos dem Prediger wird
243 935 919 1004 das nöthige Brennholz aus der der Ge⸗
241 993 929 1062 meine gehörigen Waldung zugefahren.
245 1055 920 1114 Die übrigen Einwohner bekom̅en zu ih⸗
245 1102 904 1165 rem Antheil nur ſo viel Holz, als ſie
248 1171 932 1223 zu ihrem Ackerwerkzeug u. den Zäunen
241 1210 902 1276 nöthig haben. Auf dieſe Weiſe wird
246 1263 919 1331 dem Mangel an Holz, welches hier ſehr
248 1322 924 1392 ſparſam iſt, vorgebeugt. Ueberhaupt
865 1362 912 1434 ha⸗
