1000 1641
239 107 584 165 vom Jahr 1805.
717 109 795 166 353.
56 175 750 248 dem Richterſtuhl Chriſti, deßen angebo⸗
51 233 752 307 tene Gnade er nun verſchmähe, zur Re⸗
53 288 661 361 chenſchaft geſtellt werden würde.
89 336 754 414 Jn Kilkeel, welches der vornehmſte Di⸗
52 394 753 460 strict von Mourne iſt, fand ich die Geſchw.
53 450 753 521 O’Harrils wohl u. vergnügt in der Mitte
62 499 749 578 ihrer kleinen Societät, u. ich predigte A⸗
61 558 740 631 bends vor einer kleinen Geſellſchaft.
62 617 755 687 Wir hörten nachher, daß ſich mehrere ein⸗
66 672 739 739 gefunden haben würden, wen̅ ſie nicht
67 724 760 800 wegen des heutigen ersten Aprils miß⸗
67 775 756 848 trauiſch gegen den Boten geweſen wä⸗
68 832 753 899 ren, der die Predigt anſagte. D. 2ten
70 885 761 952 Apr. beſuchte ich die meiſten unſrer hieſi⸗
72 934 762 1007 gen Societäts⸗Geſchwiſter in ihren Häu⸗
72 992 763 1060 ſern, u. ſprach einige andere bey Br. O’Har⸗
73 1045 763 1117 ril mit wahrem Vergnügen. Des Abends
77 1094 763 1172 fand ſich eine beträchtliche Anzahl derſel⸗
76 1153 748 1223 ben zu einer Verſam̅lung ein, denen ich
79 1204 759 1278 mit wahrem Verlangen nach dem Heil ih⸗
82 1257 762 1327 rer Seelen eine Rede hielt. Es wäre ſehr
83 1312 802 1386 zu wünſchen, daß die lieben Leute in Mourne
704 1353 775 1411 häu⸗
