1000 1641
76 100 636 169 Colonien an der Wolga.1805.
713 117 799 168 275.
50 183 741 251 Wunden bald völlig zuheilten, ohne daß ir⸗
55 246 738 304 gend eine Schwäche im Kopfe zurückblieb.
57 296 717 362 Jch nahm bald nach unſrer Rückkunft nach
54 351 729 415 Hauſe das Loſungsbüchlein zur Hand und
60 402 729 473 ſchlug mir die tröſtlichen Worte auf: Er
58 459 730 520 wird dich mit ſeinen Fittigen decken, und
60 519 734 577 deine Zuverſicht wird ſeyn unter ſeinen
61 567 749 636 Flügeln. Dieſe ſchöne Verheißung beſtärk⸗
57 623 737 687 te mich und meine Frau in dem Vorſatz, un⸗
61 683 747 746 ſre Beſuchreiſe zu den übrigen Colonien,
59 733 733 792 dieſes Vorfalls ungeachtet, im Namen
61 785 715 852 Gottes fortzuſezen. Auch fühlte ich mich
62 838 741 906 ſchon an demſelben Abend ſo munter und
64 893 744 958 ſtark, daß ich noch einen Brief nach Sarep⸗
62 949 737 1014 ta ſchrieb, in welchem ich den ganzen Vor⸗
67 1001 732 1069 fall meldete. Paſtor Jauch ſchrieb gleich⸗
67 1058 716 1123 falls, wiewol er noch über Schmerzen
67 1106 739 1176 auf der Bruſt klagte, welche ſich jedoch in
69 1169 740 1229 den folgenden Tagen völlig wieder ver⸗
67 1226 187 1276 loren.
102 1265 736 1335 Tags darauf den 16t May beſuchte ich
72 1330 749 1393 mit meiner Frau die hieſigen Geſchwiſter
689 1382 737 1428 u.
