1000 1641
233 104 580 169 vom Jahr 1805.
708 106 793 170 363.
52 178 718 252 Vertrauen auf die Durchhülfe des
52 236 752 311 Hld, dieſes Gemeinlein einſtweilend zu
52 292 750 361 bedienen. Nachdem er dort anderthalb
54 346 744 421 Jahre mit Treue gedient hatte, kam er
53 403 716 470 wieder zum Ausruhen hierher zurück.
55 460 749 525 Sein Sabbath war aber wiederum nur
57 505 739 580 von kurzer Dauer. Den̅ da er erſucht
57 565 750 639 wurde, in der Gemeine zu Cootehill, die
59 628 744 694 auch ohne Arbeiter war, zu vicariren; ſo
63 674 772 747 ging er, ob es gleich mitten im Winter war
62 732 767 800 mit Freuden dahin, um ſeine noch übrigen
57 784 760 861 Kräfte im Dienſte unſers l. Herrn anzu⸗
64 835 755 905 wenden. Hier beſorgte er beynahe ein
67 894 773 962 halbes Jahr ſeinen Dienſt mit wahrer Treue
67 943 763 1016 bis ſich ſeine vorigen Beſchwerden mit ſol⸗
65 995 749 1073 cher Heftigkeit wieder einfanden, daß
69 1052 761 1117 man deutlich ſehen konte, daß ſeine Auf⸗
71 1101 763 1175 löſung nahe ſey. Er erklärte ſich bald da⸗
72 1158 779 1232 hin, daß er nun zum Hld gehen werde, daß
72 1216 778 1279 er den Frieden Gottes in ſeinem Herzen
77 1263 769 1345 fühle u. bereit u. fertig ſey, zu ihm heim⸗
78 1320 767 1401 zugehen. Einſt ſagte er nach einer beſon⸗
669 1363 757 1424 ders
