1000 1642
168 97 258 158 380.
283 94 891 162 Diarium von Gracehill in Irland
225 172 903 235 zu Connor, u. in Schottland erzogen
216 222 895 285 worden. Durch die Predigten des Br.
216 279 916 339 Cennicks wurde er erwekt u. nachmals
212 337 895 395 in die Gemeine in Ballinderry aufge⸗
214 385 908 453 nom̅en. In der Folge ließ er ſich in Croſs⸗
212 446 909 511 hill häuſlich nieder, u. war viele Jahre ei⸗
212 504 876 562 ne wahre Zierde der daſigen Gemeine.
211 550 914 622 Seit dem Jahr 1782. alſo nunmehr 23 Jahre,
215 605 896 672 hat er als Witwer gelebt. Er war von
210 660 868 726 Kind vergnügter Art, u. ob er gleich im
210 711 898 779 Aeußern ſehr verarmte, ſo war er doch
212 766 911 839 im̅er zufrieden u. dankbar gegen den Hld
212 823 913 891 für ſeine Gnadenwohlthaten. Daher ſein
208 878 927 942 Umgang allen, die in ſeiner Nachbarſchaft
208 935 911 998 lebten, zum Segen war. Jm Glauben an
209 988 913 1052 Jeſum verſchied er in einem Alter von
209 1039 864 1106 80 Jahren. D. 6. Aug. kam Br. William
208 1099 896 1158 Binns mit ſeiner Frau u. 4 Kindern von
206 1147 888 1216 Dublin hier an. Da er jezt im Begriff
210 1200 912 1275 ſteht, ſeine bisherigen Geſchäfte aufzuge⸗
208 1260 906 1329 ben, um ſich dem Dienſte des Hlds zu wid⸗
208 1313 916 1392 men, ſo hat er ſeine Familie hieher gebracht,
842 1371 899 1405 wo
