1000 1641
219 106 562 165 vom Jahr 1805.
727 111 815 161 335.
52 178 744 251 kantſchaft hatte, ſo wandte ich mich an
52 229 755 302 einen Mann, der in Gracehill bekant iſt.
52 281 731 355 Derſelbe nahm mich ſehr freundſchaftlich
52 336 724 411 auf, u. verſchafte mir die Bekantſchaft
51 391 754 469 eines Evangeliſchen Predigers. Dieſer bot
52 447 748 525 mir ſeine Kanzel auf den Abend an, u. ich
60 500 759 579 predigte über Jeſ. 9,6 von der Gottheit u.
59 554 758 630 dem Mittleramte Jeſu. Da ſich meine Be⸗
57 609 759 686 kantſchaft in Belfast ausbreitet, ſo wer⸗
59 676 747 740 de ich keine Gelegenheit verſäumen, ein
64 722 746 798 Zeugniß von Jeſu daſelbſt abzulegen.
76 778 750 846 D.16t ritt ich bey ſchlechtem Wetter nach
62 834 733 901 Tempelpatrik, wo ich mit einem Bruder
65 886 770 957 von Gracehill zuſam̅entraf, der verabre⸗
66 945 742 1008 determaßen gekom̅en war, um mich zu
68 993 779 1066 unſern Freunden u. Brüdern in der Gegend
70 1046 770 1120 von Browndodd zu begleiten. Nachdem
72 1098 758 1173 ich einen kranken Mann in Parkgate be⸗
72 1150 752 1233 ſucht u. mit ihm gebetet hatte, predigte ich
72 1203 771 1282 vor ungefähr 50 Zuhörern in der Scheune
72 1254 752 1335 eines Societäts⸗Bruders. Es gibt hier
72 1312 773 1390 noch 3 oder 4 Familien, die zu uns gehören;
704 1355 750 1420 da
