1000 1640
46 112 749 170 Schreiben des Br. v. Foreſtier, Philadelphia 1806.
752 116 819 179 149.
49 193 758 260 unſrer Arbeit erflehen helfen; wozu wir uns
45 256 762 317 denſelben indeſſen doch beſtens empfehlen wollen. –
62 347 770 416 b.) Auszug aus einem Schreiben des Br.
55 413 743 475 Carl v. Foreſtier an die U.A.C. d. d.
51 464 598 532 Philadelphia d. 17ten July 1806.
61 562 766 631 /: Nachdem ſich Br. v. Foreſtier in dieſem Schrei⸗
50 618 748 686 ben auf ſeine einer frühern Schiffsgelegenheit
51 675 753 739 mitgegebene kurze Nachricht von ſeiner u ſei⸗
52 732 752 796 ner Geſellſchaft glücklichen Ankunft in Phi⸗
51 789 733 851 ladelphia bezogen hat, — welche Nachricht
53 844 762 910 auch richtig eingegangen iſt, — ſo fährt er fort :/
81 896 748 957 „Aus dem ausführlichen Schreiben des Br.
50 950 749 1006 Verbeeks u aus ſeinem Diario werden die l.
56 999 751 1067 Brüder erſehen haben, wie gnädig unſer l. Herr
59 1054 752 1117 uns geleitet hat, wofür wir Jhm nicht genug
57 1111 768 1164 danken kön̅en: den̅ jemehr wir darüber nach⸗
56 1163 766 1219 denken, je mehr erſtaunen wir über die Menge
60 1219 366 1272 Seiner Wohlthaten.
96 1261 748 1330 Daß wir nicht nach Tön̅ingen zu gehen
65 1315 762 1384 brauchten, daß unſer Aufenthalt in Altona
705 1359 740 1413 ſo
