1000 1641
204 103 530 168 vom Jahr 1805.
725 109 813 163 345.
58 177 754 253 Gloonen vor 50 Jahren, dieſen Nachmittag
57 237 728 303 dort predigen werde. Ein Separatiſt be⸗
58 291 741 359 wohnt die ehemalige Arbeiter⸗Wohnung, u.
58 344 739 412 er bot uns dieſelbe auf eine ſehr freund⸗
62 392 755 474 ſchaftliche Weiſe zum Gebrauch an. Es konte
62 453 755 526 aber nicht der vierte Theil der Zuhörer Plaz
62 508 754 576 darin finden. Es wurde daher vor der Thü⸗
62 566 757 632 re ein Wagentuch über zwey Karren ge⸗
65 619 750 689 ſpan̅t, u. Br. Hartley redete, indem er auf
63 673 741 741 einem darunter gerükten Tiſche ſtand, zu
65 729 759 797 den im Freyen ſtehenden zahlreichen Zuhö⸗
68 780 750 849 rern über den Spruch: Jch ſchäme mich des
69 836 757 906 Evangelii von Chriſto nicht p. mit beweg⸗
69 889 761 957 tem Herzen. Er brachte es ins Andenken,
72 943 766 1009 wie unſer ſeliger Br. Cennik vor 50 Jah⸗
73 1000 766 1064 ren an dieſem Orte Jeſum den gekreuzig⸗
73 1048 775 1124 ten zum großen Gegenſtande ſeiner Pre⸗
77 1104 774 1177 digten machte, u. was für geſegnete Früch⸗
75 1160 769 1227 te darauf folgten, u. lud alle ſeine Zuhö⸗
80 1211 758 1279 rer ein, durch den Glauben an den Hld
78 1264 773 1340 Theil zu nehmen an den Segen dieſes köſt⸗
79 1312 739 1400 lichen Evangelii. Es herrſchte dabey die
702 1353 765 1419 grö⸗
