1000 1643
134 132 213 190 138
212 120 868 174 Schreiben von Br. Kluge, April 1806.
204 195 906 260 u uns ſo geſchwind als möglich von hier weg nach Go⸗
198 251 905 313 ſen zu wenden; wozu wir ſchon alle Anſtalten
193 308 912 363 machten, als auf einmal kaltes Wetter einfiel, wel⸗
194 362 919 424 ches uns unſrer Kinder wegen verhinderte, ſo ſchleunig
195 417 921 481 abzureiſen. Nach einigen Tagen vernahmen wir, daß
195 467 915 530 Joſua auf dem Mordplatze noch viel geredet habe, das
190 521 920 584 die Wilden nicht verſtanden; wir vermutheten daher,
189 573 921 644 daß er in deutſcher Sprache zum Heiland gebetet habe,
189 632 905 690 den̅ er war in einer erfreulichen Herzensſtellung,
198 688 906 738 als die Wilden ihn von uns abholten. Ferner er⸗
194 742 901 795 fuhren wir, daß die Wilden ihn in ein entſetzlich
196 797 916 854 großes Feuer geworfen u daſſelbe im̅er unterhalten
193 851 908 910 haben, bis er zu Aſche verbran̅t war. Jn der Folge
194 905 887 956 hatten noch mehrere alte Jndianer das nemliche
189 956 904 1017 Schickſal; u auch jetzt, da ich dieſes ſchreibe, iſt der
192 1011 802 1069 Mordgeiſt der Wilden noch nicht gedämpft.
231 1067 916 1121 Wir zweifeln daher nicht, daß Jhr, liebſte Brüder,
196 1119 905 1178 Euch unſre Lage als höchſt traurig werdet vor⸗
189 1173 906 1227 ſtellen kön̅en. Durch Angſt u Kum̅er ſind unſre
186 1221 928 1289 Leibes⸗ u Seelenkräfte ganz erſchöpft u abgemattet,
194 1283 903 1335 ſo daß wir uns keinen Rath mehr wiſſen. Meine
194 1334 891 1395 arme Frau iſt durch die ſchrecklichen Begebenheiten
852 1391 886 1445 ſo
