1000 1643
197 117 275 173 218.
324 97 821 191 Diaspora im Vogtland,
243 186 905 254 u. das Ziel ſeiner Hoffnungen ſeyn u.
240 241 494 298 bleiben ſolle.
279 291 918 364 Jn Hof traf ich den Superintenden⸗
236 348 932 411 ten Weiß todtkrank an. Er konte meine
234 402 931 465 Worte blos durch ſeine freundliche Miene
238 461 916 522 u. einen liebevollen Händedruck erwie⸗
235 512 885 578 dern, u. ich nahm für dieſes Leben von
239 573 915 641 ihm Abſchied. Er iſt einige Tage nachher
234 627 542 693 ſelig verſchieden.
267 677 898 739 Die Anzahl der auf dieſer Reiſe im
237 729 929 799 Fränkiſchen, Schwäbiſchen u. Bayeriſchen
233 790 931 853 an 44 Orten von uns beſuchten Geſchwiſter
234 844 668 906 u. Freunde beträgt 473.
273 895 926 960 Nach einem Aufenthalt von 14 Tagen
229 948 917 1021 in Ebersdorf trat ich am 15t Aug. meine
224 1013 906 1076 Reiſe in die übrigen Gegenden meines
230 1063 432 1119 Planes an.
282 1116 892 1176 Jn Plauen wurde ich mit ein paar
229 1167 914 1229 erwekten Eheleuten bekant. Der Man̅
230 1224 894 1290 erzählte mir, daß, als ich mich bey ihm
228 1280 910 1340 habe anmelden laſſen, er den Hld gebe⸗
227 1334 916 1407 ten habe: Er möchte ihm doch durch den neu⸗
852 1390 914 1420 en
