1000 1641
134 123 192 169 24.
200 105 885 165 Von Stockholm 1801, 1802 u 1803.
185 189 892 247 Folgende Äußerungen pflegte er bald mündlich
185 242 856 297 bald ſchriftlich, u im̅er aus dem in̅erſten
184 294 888 350 Grunde ſeines Herzens zu thun. „Ein an
181 350 882 402 Seele u Leib verdorbenes u ſündenvolles
182 406 887 462 Weſen bin ich von jeher geweſen u bin es
185 459 885 517 noch. Jch finde keinen Grund, warum ich nicht
183 519 881 573 ſchon längſt auf im̅er verworfen bin, als
179 571 880 630 die unbegreifliche Liebe Jeſu, die mich bey
179 628 887 681 aller meiner Unwürdigkeit zu einem Gegen⸗
182 681 884 734 ſtand Seiner Gnade erwählt hat. Der Zu⸗
181 741 876 794 ſtand meines Herzens iſt oft ſo beſchaffen,
178 795 892 848 daß niemand außer Jhm denſelben ertragen
177 852 893 902 kön̅te. Aber wiewol Jhm alle die Untreuen
179 901 885 958 bekan̅t ſind, die mir ſo unbeſchreiblich viele
177 952 883 1012 Noth machen, ſo liebt Er mich doch aus freyem
180 1006 873 1060 Erbarmen. Ja, in dem Augenblicke, da ich
177 1061 864 1116 an dieſe unbedingte Gnade u Liebe nicht
177 1116 880 1168 glauben kön̅te, würde ich mich als ewig ver⸗
173 1169 885 1219 dam̅t anſehen müſſen; den̅ an mir u meinem
177 1217 881 1272 Leben iſt durchaus nichts anders, als Böſes.
176 1271 876 1323 Darum werfe ich mich ganz in die Gnaden⸗
178 1323 884 1382 arme des Heilandes; mehr kan̅ ich nicht thun.
820 1377 885 1412 Seit
