<?xml version="1.0" encoding="utf-8"?>
<pc:PcGts xmlns:pc="http://schema.primaresearch.org/PAGE/gts/pagecontent/2019-07-15" xmlns:xsi="http://www.w3.org/2001/XMLSchema-instance" xsi:schemaLocation="http://schema.primaresearch.org/PAGE/gts/pagecontent/2019-07-15 http://schema.primaresearch.org/PAGE/gts/pagecontent/2019-07-15/pagecontent.xsd" pcGtsId="GT-OCR-GN_1806_1__GN.A.351__389_7465b">
  <pc:Metadata externalRef="https://images.iiif.slub-dresden.de/iiif/2/data%2Fkitodo%2FNachaudeB_1745047107_1806_1%2FNachaudeB_1745047107_1806_1_tif%2Fjpegs%2F00000390.tif.medium.jpg/full/full/0/default.jpg">
    <pc:Creator>escriptorium</pc:Creator>
    <pc:Created>2024-01-26T14:56:00.950871Z</pc:Created>
    <pc:LastChange>2024-01-26T14:56:00.950886Z</pc:LastChange>
    <pc:MetadataItem type="processingStep" name="recognition/post-correction" value="ocrd-cor-asv-ann-join">
      <pc:Labels externalModel="ocrd-tool" externalId="parameters">
        <pc:Label value="False" type="add-filegrp-comments"/>
      </pc:Labels>
      <pc:Labels externalModel="ocrd-tool" externalId="version">
        <pc:Label value="0.1.14" type="ocrd-cor-asv-ann-join"/>
        <pc:Label value="2.60.2.dev0+gac1f15b3.d20240125" type="ocrd/core"/>
      </pc:Labels>
    </pc:MetadataItem>
  </pc:Metadata>
  <pc:Page imageFilename="389_7465b_default.jpg" imageWidth="1000" imageHeight="1642">
    <pc:TextRegion id="eSc_textblock_92779963" custom="structure {type:text;}">
      <pc:Coords points="812,94 907,109 915,196 937,251 922,383 929,502 918,564 867,604 911,631 933,671 915,780 933,889 911,1149 929,1254 922,1400 911,1411 200,1378 204,259 200,200 193,175 167,155 167,116 182,98 293,94"/>
      <pc:TextLine id="eSc_line_17763077" custom="structure {type:default;}">
        <pc:Coords points="172,145 172,161 210,161 215,164 221,171 221,172 223,172 224,172 226,172 264,168 264,145 264,97 242,97 241,97 239,97 238,97 238,98 235,99 224,109 172,109 172,145"/>
        <pc:Baseline points="173,146 265,146"/>
        <pc:TextEquiv index="0">
          <pc:Unicode>386.</pc:Unicode>
        </pc:TextEquiv>
      </pc:TextLine>
      <pc:TextLine id="eSc_line_29a1f0d2">
        <pc:Coords points="279,145 279,154 578,161 579,161 734,153 883,160 884,160 886,160 887,160 887,158 894,151 894,142 890,113 838,113 836,113 816,97 815,97 813,97 786,97 784,97 783,97 782,97 760,113 760,114 730,114 727,114 715,102 715,101 713,101 712,101 710,101 709,101 684,112 667,101 665,101 664,101 663,101 661,101 631,110 586,97 584,97 583,97 553,98 552,98 550,98 534,109 465,101 464,101 463,101 427,116 382,116 372,106 371,106 369,106 368,106 367,106 365,106 353,114 334,98 332,98 331,98 302,98 301,98 300,98 298,98 278,113 279,145"/>
        <pc:Baseline points="280,146 895,143"/>
        <pc:TextEquiv index="0">
          <pc:Unicode>Diarium von Gracehill in Irland</pc:Unicode>
        </pc:TextEquiv>
      </pc:TextLine>
      <pc:TextLine id="eSc_line_b3174eea" custom="structure {type:default;}">
        <pc:Coords points="216,219 216,239 241,239 242,239 265,228 313,228 342,236 343,236 343,236 344,236 362,227 393,237 395,238 395,238 396,239 447,239 447,238 447,238 448,238 449,236 459,228 481,234 482,234 483,234 484,234 485,234 496,227 520,232 521,232 522,232 523,232 531,226 548,231 549,231 550,231 582,225 611,226 625,233 629,236 630,236 631,236 645,233 690,224 749,225 760,231 765,235 766,235 767,235 768,235 804,234 805,234 817,230 833,226 907,228 909,214 907,189 870,189 838,176 837,176 836,176 835,176 820,182 805,175 804,175 803,175 802,175 802,175 781,190 761,190 743,176 742,176 741,176 740,176 739,176 707,187 691,174 690,174 689,174 688,174 687,174 649,185 636,176 635,176 635,176 615,174 614,174 614,174 595,184 580,175 579,175 578,175 577,175 576,175 575,175 564,183 551,176 550,176 520,175 519,175 518,175 517,175 491,191 460,191 443,178 442,178 441,178 416,177 416,177 415,177 414,177 402,186 389,176 388,176 387,176 331,176 330,176 329,176 328,176 302,192 281,193 253,185 252,185 251,185 250,185 250,185 236,194 215,194 216,219"/>
        <pc:Baseline points="216,219 909,214"/>
        <pc:TextEquiv index="0">
          <pc:Unicode>ger Leute, die ſich zu beſtimmten Zeiten</pc:Unicode>
        </pc:TextEquiv>
      </pc:TextLine>
      <pc:TextLine id="eSc_line_8079a933" custom="structure {type:default;}">
        <pc:Coords points="213,271 213,283 322,289 322,289 352,282 356,282 360,282 385,287 386,287 415,283 429,292 430,292 431,292 432,292 433,292 434,292 447,283 468,282 468,282 495,292 496,292 497,292 537,291 538,291 560,284 568,290 569,290 570,290 571,290 617,281 629,281 634,281 647,290 648,290 649,290 650,291 679,291 679,290 738,282 782,290 783,290 819,286 854,290 855,290 856,290 875,282 897,286 898,286 899,286 927,279 927,267 924,246 912,248 909,246 886,230 885,230 885,230 857,230 856,230 855,230 854,230 834,246 833,248 826,246 773,231 772,231 755,231 754,231 753,231 752,231 739,239 725,231 724,231 662,231 661,231 660,231 659,231 636,248 633,250 532,250 530,248 518,242 517,242 516,242 515,242 501,249 496,251 387,251 384,249 357,233 356,233 355,233 354,233 240,238 239,238 212,249 213,271"/>
        <pc:Baseline points="213,271 927,267"/>
        <pc:TextEquiv index="0">
          <pc:Unicode>daſelbſt verſam̅len, um Chorale zu ihrer</pc:Unicode>
        </pc:TextEquiv>
      </pc:TextLine>
      <pc:TextLine id="eSc_line_93bafd98" custom="structure {type:default;}">
        <pc:Coords points="209,326 209,337 247,342 248,342 306,337 322,336 326,337 347,346 348,346 349,346 391,337 393,337 395,337 425,345 426,345 427,345 485,344 486,344 487,344 495,337 499,334 558,334 567,337 589,344 590,344 591,344 592,344 614,339 627,343 628,343 629,343 630,343 631,343 638,337 643,333 666,337 708,343 709,343 710,343 723,337 729,333 742,337 760,342 760,342 761,342 762,342 763,342 771,337 778,332 784,337 788,340 789,340 790,340 791,340 791,340 802,337 816,332 830,337 840,340 841,340 842,340 843,340 854,337 859,335 861,337 867,342 868,342 869,342 870,342 871,342 886,337 891,335 910,336 912,322 908,283 889,290 860,284 859,284 858,284 857,284 833,302 769,302 736,297 735,297 734,297 722,303 685,303 653,286 651,285 650,285 649,285 550,286 549,286 548,286 546,287 522,301 465,299 464,299 463,299 451,304 343,302 327,290 325,288 324,288 323,288 322,288 208,290 209,326"/>
        <pc:Baseline points="209,326 912,322"/>
        <pc:TextEquiv index="0">
          <pc:Unicode>Uebung zu ſingen. Dieſes war mir indeſ⸗</pc:Unicode>
        </pc:TextEquiv>
      </pc:TextLine>
      <pc:TextLine id="eSc_line_b59e2150" custom="structure {type:default;}">
        <pc:Coords points="209,382 209,394 272,389 312,394 333,397 334,397 348,394 374,389 380,394 381,395 382,395 383,395 384,395 390,394 420,390 442,394 453,397 454,397 455,397 460,395 477,388 513,388 542,395 553,398 554,398 555,398 556,398 557,398 561,395 566,392 654,388 672,388 685,396 687,398 688,398 689,398 690,399 760,399 760,398 761,398 769,396 796,388 819,396 823,398 824,398 825,398 913,396 914,379 912,343 877,342 876,342 875,342 873,343 849,354 834,343 831,341 830,341 829,341 828,341 827,341 819,344 801,352 790,344 784,341 783,341 782,341 698,341 697,341 697,341 687,345 663,358 652,358 636,346 631,342 630,342 629,342 580,342 579,342 578,342 577,342 569,347 563,351 559,347 552,342 551,342 550,342 510,342 509,342 508,342 507,342 498,348 483,357 451,351 450,351 449,351 431,359 306,359 297,353 296,353 295,353 294,353 246,358 233,351 232,351 231,351 230,351 208,351 209,382"/>
        <pc:Baseline points="209,382 914,379"/>
        <pc:TextEquiv index="0">
          <pc:Unicode>ſen bey meinem Vorhaben nicht hinderlich,</pc:Unicode>
        </pc:TextEquiv>
      </pc:TextLine>
      <pc:TextLine id="eSc_line_b25afea9" custom="structure {type:default;}">
        <pc:Coords points="209,437 209,449 215,452 216,452 217,452 218,452 229,448 247,443 264,447 279,452 280,452 281,452 281,452 282,452 288,447 293,444 311,447 325,450 326,450 327,450 336,447 349,443 358,446 360,447 361,447 362,447 363,447 364,446 374,443 447,446 485,447 486,447 502,446 522,443 531,446 553,453 554,453 555,454 588,454 588,453 589,453 623,445 629,443 632,444 645,453 646,453 647,453 648,454 683,454 683,453 684,453 685,453 696,446 708,453 709,453 710,453 711,453 712,453 724,444 753,448 754,448 808,443 833,453 834,453 835,454 869,454 869,453 870,453 916,441 916,434 914,404 840,410 828,404 814,396 813,396 799,396 798,396 797,396 796,396 787,402 749,398 748,398 747,398 732,405 719,411 689,411 682,405 672,396 671,396 670,396 601,396 600,396 599,396 598,396 587,405 580,411 486,411 474,406 447,396 446,396 445,396 444,396 410,406 404,408 400,406 381,396 380,396 379,396 378,396 346,407 335,410 317,407 312,406 300,396 299,396 298,396 241,396 240,396 239,396 239,396 222,407 220,409 208,408 209,437"/>
        <pc:Baseline points="209,437 403,433 916,434"/>
        <pc:TextEquiv index="0">
          <pc:Unicode>ſondern diente vielmehr dazu, die Anzahl</pc:Unicode>
        </pc:TextEquiv>
      </pc:TextLine>
      <pc:TextLine id="eSc_line_93f0f991" custom="structure {type:default;}">
        <pc:Coords points="209,490 209,510 265,500 343,500 364,509 368,510 369,510 370,510 379,509 426,500 455,509 460,509 461,509 462,510 510,510 510,509 511,509 515,508 529,500 563,504 564,504 565,504 582,499 590,505 591,505 592,505 593,505 593,505 594,505 603,498 629,498 644,507 648,509 649,509 650,509 651,509 656,506 671,499 688,505 689,505 690,505 725,499 738,506 745,509 746,509 747,509 748,509 759,505 781,498 821,505 840,508 841,508 917,503 917,488 916,461 894,446 893,446 892,446 891,446 890,446 866,457 836,446 835,446 782,446 781,446 781,446 769,451 757,446 756,446 755,446 754,446 733,453 687,448 686,448 685,448 684,448 661,463 659,464 650,463 614,458 614,458 520,463 488,465 484,464 444,447 443,447 391,447 390,447 356,450 355,450 354,450 333,464 331,466 319,464 300,461 299,461 298,461 291,464 287,466 208,465 209,490"/>
        <pc:Baseline points="209,490 612,486 917,488"/>
        <pc:TextEquiv index="0">
          <pc:Unicode>meiner Zuhörer zu vermehren, u. den Ge⸗</pc:Unicode>
        </pc:TextEquiv>
      </pc:TextLine>
      <pc:TextLine id="eSc_line_e647f095" custom="structure {type:default;}">
        <pc:Coords points="210,543 212,562 223,556 269,556 278,561 280,563 281,563 281,563 282,563 291,561 317,556 334,561 343,564 343,564 344,564 364,561 380,559 387,561 396,564 397,564 398,564 399,564 406,561 416,556 427,560 428,560 429,560 430,560 442,555 454,555 462,561 465,563 466,563 467,563 468,564 499,564 499,563 500,563 509,561 523,555 566,557 570,560 574,563 575,563 576,563 577,563 593,560 614,555 651,557 654,559 658,563 659,563 660,563 661,563 698,562 699,562 700,562 706,559 714,554 763,555 767,559 770,561 771,561 772,561 773,561 774,561 787,558 796,556 800,558 805,562 806,562 807,562 808,562 905,557 905,540 902,504 889,505 888,505 887,505 874,517 859,510 858,510 857,510 856,510 837,519 784,519 774,513 773,513 772,513 771,513 770,513 770,513 762,519 741,519 727,509 718,502 718,502 717,502 707,502 706,502 705,502 685,509 658,519 639,510 627,505 626,505 625,505 625,505 610,511 593,519 505,519 499,515 498,515 497,515 496,515 474,519 467,515 447,503 447,503 446,503 445,503 395,505 394,505 380,511 362,504 361,504 360,504 312,509 302,504 302,504 241,504 240,504 239,504 209,520 210,543"/>
        <pc:Baseline points="210,543 905,540"/>
        <pc:TextEquiv index="0">
          <pc:Unicode>ſang lebhafter zu machen. Es waren et⸗</pc:Unicode>
        </pc:TextEquiv>
      </pc:TextLine>
      <pc:TextLine id="eSc_line_e4f89e58" custom="structure {type:default;}">
        <pc:Coords points="208,602 208,613 275,611 302,613 304,613 323,623 324,623 325,623 385,623 385,623 406,612 407,611 416,612 501,621 502,621 503,621 504,621 504,620 510,615 543,620 544,620 545,620 546,620 546,619 552,613 572,610 583,608 592,609 618,613 619,613 620,613 636,609 642,607 645,609 659,614 660,614 661,614 662,614 663,614 673,608 679,604 695,608 719,613 720,613 721,613 738,607 738,593 735,574 715,574 713,573 698,561 697,561 697,561 696,561 695,561 694,561 675,573 671,576 578,576 572,572 568,569 567,569 566,569 565,569 564,569 557,572 549,577 510,572 494,571 493,571 492,571 491,571 491,571 490,572 485,578 475,572 474,572 473,572 472,572 456,578 447,571 433,563 432,563 431,563 381,563 380,563 343,570 323,564 322,564 322,564 321,564 320,564 310,571 291,565 291,565 290,565 289,565 288,565 279,571 260,581 250,581 235,581 224,571 219,567 219,566 218,566 218,566 217,566 216,566 208,569 208,602"/>
        <pc:Baseline points="208,602 738,593"/>
        <pc:TextEquiv index="0">
          <pc:Unicode>wa 300 Zuhörer gegenwärtig.</pc:Unicode>
        </pc:TextEquiv>
      </pc:TextLine>
      <pc:TextLine id="eSc_line_c61ff79d" custom="structure {type:default;}">
        <pc:Coords points="208,654 208,665 256,675 257,675 258,675 274,668 306,670 307,670 329,665 332,665 335,665 371,674 372,675 401,675 401,674 402,674 403,674 416,665 417,665 431,674 432,674 433,674 434,674 512,665 527,664 534,665 549,668 550,668 551,668 552,668 552,667 554,665 557,663 631,663 635,665 643,672 644,672 645,672 645,672 665,671 666,671 666,671 674,665 675,664 677,665 686,671 687,671 687,671 688,671 725,665 729,665 732,665 750,671 751,671 752,671 753,671 767,665 769,665 772,665 800,670 801,670 897,665 897,649 896,629 873,621 872,621 871,621 870,621 847,629 801,629 780,615 779,615 778,615 757,613 727,613 726,613 725,613 724,613 705,628 704,630 656,630 654,628 635,613 635,613 634,613 601,613 600,613 599,613 569,628 564,631 548,632 509,632 502,628 482,617 481,617 480,617 479,617 467,623 456,614 455,614 454,614 453,614 392,615 391,615 368,628 366,629 345,632 318,632 312,628 297,616 296,616 295,616 277,616 276,616 275,616 248,628 240,631 233,628 226,624 225,624 224,624 208,627 208,654"/>
        <pc:Baseline points="208,654 897,649"/>
        <pc:TextEquiv index="0">
          <pc:Unicode>D. 1t Nov. ſezte ich meine Reiſe fort, u. ge⸗</pc:Unicode>
        </pc:TextEquiv>
      </pc:TextLine>
      <pc:TextLine id="eSc_line_8ff65815" custom="structure {type:default;}">
        <pc:Coords points="210,707 210,717 240,727 241,727 242,727 298,727 298,727 299,727 326,717 329,716 334,717 385,724 385,724 386,724 403,716 405,715 484,715 491,715 506,723 507,723 508,723 509,723 510,723 510,723 525,714 526,713 568,713 570,713 593,721 593,721 594,721 623,716 634,723 635,723 635,723 636,723 637,723 656,715 732,722 733,722 734,722 760,713 822,721 823,721 824,721 825,721 833,716 859,719 860,719 861,719 885,709 914,708 914,700 912,676 888,676 874,665 873,665 872,665 871,665 870,665 852,674 843,670 842,670 841,670 809,676 775,662 774,662 773,662 772,662 758,666 740,662 739,662 739,662 738,662 737,662 722,674 702,664 701,664 700,664 699,664 677,675 662,665 661,665 660,665 659,665 658,665 650,668 619,664 618,664 617,664 616,664 593,678 592,679 569,679 568,678 548,665 547,665 546,665 545,665 544,665 524,671 517,665 516,665 515,665 483,665 482,665 481,665 480,665 456,679 453,681 417,681 416,680 398,670 397,670 396,670 395,670 395,670 382,680 379,682 332,682 329,680 299,669 298,669 297,669 264,674 255,667 254,667 253,667 229,667 229,667 228,667 227,667 209,678 210,707"/>
        <pc:Baseline points="210,707 914,700"/>
        <pc:TextEquiv index="0">
          <pc:Unicode>langte noch vor Einbruch der Nacht nach den</pc:Unicode>
        </pc:TextEquiv>
      </pc:TextLine>
      <pc:TextLine id="eSc_line_d52f6e33" custom="structure {type:default;}">
        <pc:Coords points="209,763 209,775 238,773 242,775 251,779 252,779 253,779 254,779 264,775 269,772 335,772 341,775 346,779 347,779 348,779 349,779 350,779 364,775 372,772 382,774 393,777 394,777 423,774 456,771 464,774 474,778 475,778 476,778 477,778 489,774 500,771 508,774 516,776 517,776 518,776 539,773 544,773 545,773 553,780 554,780 555,780 556,780 557,780 572,773 576,771 623,771 625,773 639,779 640,779 641,779 681,773 702,769 725,770 728,772 735,779 736,779 737,779 738,779 819,774 888,778 889,778 890,778 906,771 906,758 901,726 886,737 821,727 792,724 791,724 791,724 790,724 784,728 772,739 717,739 706,730 699,725 698,725 697,725 677,725 677,725 676,725 675,725 667,731 657,739 617,737 612,732 604,726 604,726 603,726 557,726 556,726 555,726 554,726 541,734 531,740 517,734 505,729 504,729 441,727 440,727 439,727 411,735 375,727 374,727 373,727 354,737 346,741 329,738 319,737 318,737 317,737 312,738 304,741 300,738 297,737 296,737 295,737 294,737 293,737 292,737 290,739 285,742 208,741 209,763"/>
        <pc:Baseline points="209,763 906,758"/>
        <pc:TextEquiv index="0">
          <pc:Unicode>ſogenanten Billis. Hier übernachtete ich</pc:Unicode>
        </pc:TextEquiv>
      </pc:TextLine>
      <pc:TextLine id="eSc_line_cf991401" custom="structure {type:default;}">
        <pc:Coords points="205,821 205,830 216,836 217,836 218,836 250,831 268,838 269,838 270,838 270,838 292,831 300,837 301,837 302,837 302,838 353,838 353,837 354,837 377,829 399,836 400,836 401,836 402,836 424,828 511,832 512,832 513,832 514,832 523,827 552,827 567,834 568,834 569,834 570,834 588,827 604,833 605,833 606,833 645,826 664,833 665,833 666,833 666,833 682,828 771,832 772,832 773,832 790,827 802,831 802,831 803,831 831,826 855,831 856,831 893,823 893,813 890,791 854,792 853,791 835,778 834,778 833,778 805,777 804,777 787,778 786,778 785,778 765,792 763,794 750,794 747,792 719,778 718,778 718,778 665,779 664,779 641,790 622,782 621,782 620,782 599,787 591,779 590,779 589,779 588,779 532,780 531,780 531,780 513,792 503,789 502,789 501,789 500,789 500,789 492,795 490,797 459,798 395,798 393,796 376,783 375,783 375,783 374,783 373,783 358,789 348,784 347,784 346,784 345,784 344,784 329,795 270,783 270,783 269,783 268,783 250,798 248,799 204,799 205,821"/>
        <pc:Baseline points="205,821 893,813"/>
        <pc:TextEquiv index="0">
          <pc:Unicode>in dem Hauſe eines Man̅es, der ehedem</pc:Unicode>
        </pc:TextEquiv>
      </pc:TextLine>
      <pc:TextLine id="eSc_line_e15908e0" custom="structure {type:default;}">
        <pc:Coords points="922,839 911,832 910,832 909,832 908,832 907,832 888,841 881,845 832,845 821,841 786,832 785,832 784,832 783,832 760,840 749,834 748,834 747,834 719,840 708,832 708,832 707,832 685,832 684,832 648,833 647,833 646,833 634,844 631,846 598,846 590,844 552,834 551,834 550,834 492,839 479,834 478,834 477,834 476,834 439,846 436,847 432,846 401,835 400,835 399,835 398,835 367,847 364,848 361,847 338,835 337,835 336,835 335,835 334,835 319,847 316,849 208,849 208,875 208,883 239,889 239,889 301,885 330,883 333,885 351,896 352,896 353,896 354,896 354,896 392,886 400,883 428,883 436,887 452,895 453,895 454,896 471,896 471,895 472,895 473,895 483,888 492,891 493,891 494,891 510,888 536,883 581,883 593,889 604,894 604,894 605,895 645,895 645,894 645,894 646,894 654,890 667,882 696,887 697,887 744,882 764,891 770,893 770,893 771,894 803,894 803,893 804,893 805,893 807,892 816,884 841,884 853,893 854,893 854,893 855,893 924,893 924,870 923,843 922,839"/>
        <pc:Baseline points="208,875 924,870"/>
        <pc:TextEquiv index="0">
          <pc:Unicode>in der Nachbarſchaft von Gracehill gewohnt</pc:Unicode>
        </pc:TextEquiv>
      </pc:TextLine>
      <pc:TextLine id="eSc_line_f7e1a05c" custom="structure {type:default;}">
        <pc:Coords points="208,927 208,950 238,938 264,949 265,949 266,949 267,949 293,938 321,938 335,948 336,948 337,948 338,949 364,949 364,948 365,948 366,948 367,947 384,937 431,943 432,943 433,943 443,937 455,946 456,947 457,947 458,947 458,948 488,948 488,947 489,947 489,947 491,945 500,940 516,945 520,946 520,946 521,946 522,946 526,945 546,936 589,936 598,944 601,946 602,946 603,946 604,947 640,947 640,946 641,946 642,946 646,943 657,935 679,935 697,935 712,942 719,945 720,945 721,946 760,946 760,945 761,945 770,941 780,936 785,941 791,945 791,945 792,945 793,945 806,945 807,945 808,945 814,940 825,934 913,938 914,922 911,896 878,901 869,896 854,889 854,889 853,889 852,889 851,889 841,897 835,902 789,902 781,898 766,890 765,890 716,886 715,886 714,886 713,886 697,899 693,903 623,903 615,901 596,894 595,894 594,894 593,894 577,901 574,903 572,902 552,888 551,888 550,888 473,888 472,888 471,888 460,893 444,888 443,888 442,888 441,888 397,904 396,904 395,904 381,895 380,895 379,895 328,889 327,889 326,889 325,889 303,905 303,906 291,906 288,906 268,890 267,890 266,890 237,890 236,890 235,890 207,905 208,927"/>
        <pc:Baseline points="208,927 914,922"/>
        <pc:TextEquiv index="0">
          <pc:Unicode>hat, u. beym Abſchied verſprach ich, auf dem</pc:Unicode>
        </pc:TextEquiv>
      </pc:TextLine>
      <pc:TextLine id="eSc_line_67bec351" custom="structure {type:default;}">
        <pc:Coords points="204,984 205,1004 229,996 273,1003 280,1004 281,1004 281,1004 285,1003 308,997 318,1003 320,1004 321,1004 322,1004 322,1005 377,1005 377,1004 378,1004 384,1002 400,995 426,1000 427,1000 427,1000 439,994 452,1001 453,1001 454,1001 455,1001 456,1001 457,1001 478,993 520,1000 534,1002 535,1002 554,999 571,997 584,999 600,1001 601,1001 619,998 671,991 738,996 739,996 767,990 781,997 786,998 787,998 788,998 814,997 885,989 903,995 905,976 901,945 894,948 885,945 875,939 874,939 836,939 835,939 834,939 833,939 826,945 806,958 758,945 747,942 746,942 745,942 730,945 692,953 672,948 671,948 670,948 669,948 668,948 653,958 631,952 630,952 629,952 628,952 610,961 467,961 405,945 399,944 398,944 397,944 396,944 395,944 395,945 375,959 343,963 312,961 288,945 287,945 286,945 203,945 204,984"/>
        <pc:Baseline points="204,984 905,976"/>
        <pc:TextEquiv index="0">
          <pc:Unicode>Rückweg hier zu predigen. D. 2 Nov. kam</pc:Unicode>
        </pc:TextEquiv>
      </pc:TextLine>
      <pc:TextLine id="eSc_line_206720c4" custom="structure {type:default;}">
        <pc:Coords points="209,1039 209,1060 243,1059 244,1059 260,1051 295,1056 296,1056 297,1056 298,1056 306,1049 319,1052 320,1052 321,1052 322,1052 322,1052 331,1047 416,1057 417,1057 418,1058 486,1058 486,1057 487,1057 489,1056 514,1046 531,1051 531,1051 532,1051 571,1045 597,1054 598,1054 599,1054 600,1054 601,1054 616,1044 733,1044 748,1052 750,1053 750,1053 751,1053 759,1052 808,1042 822,1049 822,1049 823,1049 824,1049 839,1043 854,1050 856,1052 857,1052 858,1052 859,1052 860,1052 862,1050 867,1048 907,1049 909,1033 906,996 835,1000 828,997 824,997 823,997 822,997 822,997 821,997 819,998 799,1013 778,1013 769,1006 768,1006 767,1006 766,1006 730,1011 687,1002 666,998 666,998 665,998 664,998 658,1002 610,997 609,997 608,997 607,997 598,1006 587,1015 507,1016 434,1016 422,1011 389,1000 388,1000 387,1000 386,1000 365,1008 351,1005 350,1005 349,1005 348,1005 331,1014 328,1016 325,1015 295,1001 294,1001 251,1001 250,1001 250,1001 208,1017 209,1039"/>
        <pc:Baseline points="209,1039 909,1033"/>
        <pc:TextEquiv index="0">
          <pc:Unicode>ich über Monaghan u. Rockcorry nach Coo⸗</pc:Unicode>
        </pc:TextEquiv>
      </pc:TextLine>
      <pc:TextLine id="eSc_line_87214113" custom="structure {type:default;}">
        <pc:Coords points="205,1094 205,1106 302,1112 303,1112 304,1112 305,1112 312,1106 317,1102 337,1102 343,1106 351,1112 352,1112 353,1112 354,1113 380,1113 380,1112 381,1112 402,1106 417,1101 473,1101 481,1106 492,1111 493,1111 494,1112 553,1112 553,1111 589,1105 618,1101 647,1104 648,1104 744,1100 752,1105 759,1110 760,1110 760,1110 761,1111 839,1111 839,1110 840,1110 850,1105 856,1101 872,1104 892,1109 893,1109 894,1109 909,1104 909,1091 907,1054 879,1050 878,1050 877,1050 864,1055 841,1061 820,1056 819,1056 818,1056 817,1056 816,1056 802,1065 781,1065 769,1057 761,1051 760,1051 760,1051 759,1051 758,1051 757,1051 750,1057 739,1065 693,1065 680,1059 666,1051 665,1051 625,1051 624,1051 623,1051 591,1060 583,1062 579,1060 558,1052 557,1052 477,1052 476,1052 475,1052 474,1052 456,1063 450,1067 427,1067 421,1064 403,1054 402,1054 401,1054 400,1054 399,1054 382,1065 377,1068 303,1068 302,1066 276,1053 275,1053 242,1053 241,1053 240,1053 204,1067 205,1094"/>
        <pc:Baseline points="205,1094 909,1091"/>
        <pc:TextEquiv index="0">
          <pc:Unicode>tehill, wo ich von Geſchw. Millers herzlich be⸗</pc:Unicode>
        </pc:TextEquiv>
      </pc:TextLine>
      <pc:TextLine id="eSc_line_7ff599aa" custom="structure {type:default;}">
        <pc:Coords points="206,1149 206,1160 276,1157 290,1161 302,1164 302,1164 303,1164 304,1164 305,1164 309,1161 314,1156 332,1156 344,1161 358,1165 359,1165 360,1165 361,1165 362,1165 367,1161 373,1156 502,1154 601,1156 607,1160 614,1163 614,1163 615,1163 656,1163 656,1163 656,1163 657,1163 662,1159 667,1155 680,1159 683,1160 684,1160 685,1160 686,1160 687,1159 697,1155 704,1159 708,1162 708,1162 709,1162 710,1162 748,1159 787,1156 794,1159 799,1161 800,1161 801,1161 824,1159 862,1155 872,1159 878,1161 879,1161 880,1161 898,1158 898,1143 896,1121 873,1121 854,1105 853,1105 852,1105 833,1105 833,1105 832,1105 831,1105 815,1115 795,1106 794,1106 793,1106 792,1106 791,1106 774,1117 765,1114 764,1114 763,1114 762,1114 761,1114 753,1120 736,1109 735,1109 734,1109 733,1109 696,1112 687,1107 687,1107 686,1107 627,1107 626,1107 625,1107 625,1107 614,1116 590,1111 589,1111 588,1111 567,1118 549,1109 548,1109 547,1109 546,1109 518,1123 500,1124 410,1124 382,1111 381,1111 380,1111 379,1111 356,1120 338,1110 337,1110 304,1110 303,1110 280,1111 279,1111 278,1111 257,1126 205,1126 206,1149"/>
        <pc:Baseline points="206,1149 898,1143"/>
        <pc:TextEquiv index="0">
          <pc:Unicode>willkom̅t wurde. ☉ d. 3t hielt ich die Pre⸗</pc:Unicode>
        </pc:TextEquiv>
      </pc:TextLine>
      <pc:TextLine id="eSc_line_72cd7a27" custom="structure {type:default;}">
        <pc:Coords points="208,1199 208,1216 251,1220 252,1220 253,1220 254,1220 258,1216 264,1212 275,1216 284,1220 285,1220 286,1220 287,1220 288,1220 292,1216 296,1215 326,1216 387,1220 388,1220 389,1220 401,1216 414,1212 434,1215 451,1219 452,1219 453,1219 460,1215 468,1212 483,1215 490,1217 491,1217 492,1217 493,1217 499,1215 510,1212 521,1215 522,1215 523,1215 524,1215 536,1215 638,1211 656,1215 669,1217 670,1217 671,1217 678,1215 690,1211 708,1215 729,1219 730,1219 731,1219 732,1219 739,1215 744,1211 772,1215 792,1216 793,1216 821,1214 857,1211 864,1214 875,1219 875,1219 876,1219 877,1219 889,1214 889,1197 887,1175 846,1175 833,1163 832,1163 831,1163 830,1163 829,1163 828,1163 812,1175 768,1175 713,1159 712,1159 675,1159 674,1159 673,1159 643,1174 603,1169 602,1169 601,1169 600,1169 592,1174 579,1168 578,1168 577,1168 576,1168 553,1174 527,1160 526,1160 486,1160 485,1160 484,1160 483,1160 468,1172 442,1175 438,1175 421,1163 420,1163 419,1163 418,1163 417,1163 408,1167 399,1161 398,1161 397,1161 368,1160 367,1160 366,1160 365,1160 356,1168 333,1169 322,1160 321,1160 320,1160 319,1160 318,1160 298,1167 238,1160 237,1160 236,1160 208,1174 208,1199"/>
        <pc:Baseline points="208,1199 889,1197"/>
        <pc:TextEquiv index="0">
          <pc:Unicode>digt, u. nach derſelben eine Verſam̅lung</pc:Unicode>
        </pc:TextEquiv>
      </pc:TextLine>
      <pc:TextLine id="eSc_line_c3a54dff" custom="structure {type:default;}">
        <pc:Coords points="211,1257 212,1276 248,1267 326,1271 327,1271 359,1266 397,1272 416,1275 416,1275 417,1275 429,1271 450,1265 481,1265 498,1269 511,1274 512,1274 513,1274 514,1274 529,1269 542,1265 562,1268 586,1273 587,1273 588,1273 589,1273 595,1267 600,1264 629,1264 635,1267 646,1273 647,1273 648,1273 730,1272 731,1272 759,1264 763,1263 767,1264 791,1272 791,1272 792,1272 824,1266 848,1271 849,1271 850,1271 916,1260 916,1251 912,1221 899,1229 880,1229 833,1223 812,1220 811,1220 797,1223 784,1213 783,1213 782,1213 781,1213 744,1218 714,1213 713,1213 656,1217 614,1214 613,1214 612,1214 611,1214 594,1227 590,1231 417,1232 414,1230 386,1215 385,1215 385,1215 384,1215 352,1229 322,1216 322,1216 250,1216 250,1216 249,1216 248,1216 231,1230 210,1234 211,1257"/>
        <pc:Baseline points="211,1257 916,1251"/>
        <pc:TextEquiv index="0">
          <pc:Unicode>zur Vorbereitung auf das heil. Amhl, wel⸗</pc:Unicode>
        </pc:TextEquiv>
      </pc:TextLine>
      <pc:TextLine id="eSc_line_87633924" custom="structure {type:default;}">
        <pc:Coords points="205,1312 205,1331 229,1330 230,1330 231,1330 248,1320 268,1320 284,1330 285,1330 286,1330 334,1322 346,1328 347,1328 348,1328 349,1328 365,1320 388,1326 389,1326 390,1326 391,1326 392,1326 399,1319 416,1325 416,1325 417,1325 418,1325 419,1325 427,1319 487,1319 495,1326 496,1326 497,1326 498,1326 542,1319 565,1326 577,1329 578,1329 579,1330 670,1330 670,1329 693,1323 698,1322 699,1323 706,1328 707,1328 708,1328 708,1328 743,1322 759,1320 778,1322 835,1327 836,1327 837,1327 838,1327 848,1320 854,1318 871,1318 875,1320 889,1328 890,1328 891,1328 892,1328 907,1319 907,1309 905,1288 757,1288 755,1287 721,1270 720,1270 719,1270 718,1270 695,1283 665,1274 664,1274 663,1274 662,1274 661,1274 643,1287 640,1289 618,1289 614,1287 590,1270 589,1270 588,1270 571,1270 570,1270 569,1270 539,1287 532,1290 469,1290 464,1287 437,1273 436,1273 435,1273 434,1273 415,1282 383,1272 382,1272 319,1272 318,1272 317,1272 316,1272 310,1277 304,1272 303,1272 302,1272 241,1272 240,1272 239,1272 204,1285 205,1312"/>
        <pc:Baseline points="205,1312 907,1309"/>
        <pc:TextEquiv index="0">
          <pc:Unicode>ches mit der kleinen Anzahl Com̅unican⸗</pc:Unicode>
        </pc:TextEquiv>
      </pc:TextLine>
      <pc:TextLine id="eSc_line_a8988cc9" custom="structure {type:default;}">
        <pc:Coords points="203,1366 204,1389 217,1382 252,1382 263,1388 274,1393 275,1393 276,1393 277,1393 290,1388 302,1382 308,1388 318,1396 319,1396 320,1396 321,1396 389,1395 390,1395 419,1388 453,1395 454,1395 455,1395 491,1385 503,1382 507,1385 518,1394 519,1394 520,1394 520,1395 542,1395 542,1394 543,1394 544,1394 558,1385 558,1384 635,1380 646,1384 671,1393 672,1393 673,1394 710,1394 710,1393 758,1392 759,1392 760,1392 775,1382 777,1382 779,1382 799,1391 800,1391 801,1391 802,1391 820,1382 827,1379 895,1381 896,1359 895,1325 886,1322 885,1322 885,1322 884,1322 883,1322 879,1325 861,1338 819,1338 802,1338 787,1327 779,1321 778,1321 777,1321 749,1319 748,1319 747,1319 746,1319 732,1328 721,1336 702,1340 584,1340 572,1331 555,1320 554,1320 553,1320 552,1320 528,1323 527,1323 526,1323 514,1332 508,1338 500,1332 482,1320 481,1320 480,1320 479,1320 383,1321 382,1321 349,1333 320,1322 319,1322 280,1322 279,1322 278,1322 277,1322 268,1329 229,1324 228,1324 227,1324 202,1337 203,1366"/>
        <pc:Baseline points="203,1366 691,1364 896,1359"/>
        <pc:TextEquiv index="0">
          <pc:Unicode>ten, die zu hieſiger Gemeine gehören und</pc:Unicode>
        </pc:TextEquiv>
      </pc:TextLine>
      <pc:TextLine id="eSc_line_84199cc5" custom="structure {type:default;}">
        <pc:Coords points="817,1400 817,1410 914,1406 914,1397 909,1372 902,1379 895,1375 895,1375 894,1375 893,1375 875,1382 859,1379 829,1372 828,1372 827,1372 826,1372 826,1373 816,1382 817,1400"/>
        <pc:Baseline points="817,1400 914,1397"/>
        <pc:TextEquiv index="0">
          <pc:Unicode>deren</pc:Unicode>
        </pc:TextEquiv>
      </pc:TextLine>
    </pc:TextRegion>
  </pc:Page>
</pc:PcGts>
