1000 1641
219 105 864 165 Von Stockholm 1801, 1802 u 1803.
154 117 207 203 28.
214 185 900 247 Handwerksgeſelle war, u zog ihn dan̅ auf ſei⸗
207 240 901 301 nem Schiffe zur Tafel. Da er bey den Offi⸗
204 297 901 351 cieren ein Befremden darüber bemerkte,
205 349 903 407 redete er ſie ſo an: „Meine Herren, fin⸗
203 404 897 459 den Sie es unter Ihrer Würde, mit dieſem
201 457 893 518 Man̅e an Einem Tiſche zu ſitzen; ſo will
205 516 899 570 ich für ihn u mich beſonders decken laſſen.
201 567 897 627 So viel kan̅ ich Jhnen aber ſagen, daß er
202 625 889 680 von einer viel höhern Würde iſt, als wir.
204 678 895 739 Er iſt ein Kind Gottes, u das ſind wir alle
204 732 460 788 zusam̅en nicht.“
237 785 902 845 Jn Petersburg bat er ſich bey der erſten
206 840 901 894 Präſentation bey der Kaiſerin von derſel⸗
200 891 896 949 ben die Gnade aus, daß im Fall Jhro Ma⸗
202 947 900 1004 jeſtät ihn nach Sibirien zu ſchicken gedäch⸗
197 1003 897 1060 ten, ihm vergön̅t werden möchte, ſich einige
201 1052 890 1114 Zeit bey der Brüdergemeine in Sarepta
201 1112 428 1168 aufzuhalten.
231 1155 888 1215 Das erfreulichſte für ſeine Freunde, u
199 1210 898 1270 was dieſelben vollkom̅en über ihn beruhigte,
198 1266 886 1324 war die Bemerkung, daß der heilige Geiſt
197 1320 894 1379 in der letzten Zeit ihn im̅er mehr zu einem
775 1376 893 1413 armen
