1000 1640
69 120 745 188 Schreiben von Br. Kluge, April 1806.
753 120 822 187 133.
56 203 771 269 frühern Zeiten von den Brüdern getauft worden,
55 256 761 323 u mehrmals in Bethlehem geweſen iſt, :/ lebendig
51 316 758 369 verbran̅t haben. Auch vernahmen wir nun mit
53 360 770 425 Gewißheit, daß unſer armer Joſua auch ein Ge⸗
54 421 752 483 fangener ſey. Wie ſehr uns dieſe ſchmerzliche
53 470 775 537 Nachricht angriff, läßt ſich beſſer denken als be⸗
58 532 749 591 ſchreiben. Ob man uns gleich ſagte, daß ſie ihn
55 582 758 639 vielleicht nicht umbringen würden, ſo hatten wir
59 632 766 693 doch Tag u Nacht keine Ruhe, u kon̅ten vor Be⸗
60 692 765 748 trübniß weder eſſen noch ſchlafen, weil wir dem
62 736 787 802 Aberglauben u der Wuth der Wilden nicht trau⸗
64 793 765 858 ten, zumal da wir wiſſen, daß ſie den gläubi⸗
70 852 481 906 gen Jndianern feind ſind.
105 897 783 953 Den 17ten wurde unſer Kum̅er u unſre Ver⸗
71 953 767 1018 legenheit wegen des Schickſals unſers Joſua noch
73 1010 765 1072 größer. Angſt u Entſetzen übernahm uns, als
74 1064 774 1122 wir 10 der wildeſten Jndianer mit ſchwarz bemahlten
77 1115 768 1178 Geſichtern theils zu Fuß, theils zu Pferde mit
78 1167 785 1223 dem armen alten Chief Tettpachſit in unſerm Ort
79 1216 796 1280 ankom̅en ſahen. Bald darauf machten dieſe Bar⸗
80 1269 798 1336 baren nahe bey unſerm Ort ein großes Feuer,
82 1324 770 1388 hackten dem alten Chief mit dem Kriegsbeil in
717 1366 763 1431 den
