1000 1641
155 120 214 169 30.
216 116 868 173 Von Stockholm 1801, 1802 u 1803.
201 203 901 263 vom Sündengift durchdrungenes Herz mit fe⸗
203 258 895 315 ſter Zuversicht.“ — Gleichen Jnhalts waren
201 307 896 359 alle ſeine mündlichen Unterredungen im
200 356 905 421 Kreiſe ſeiner Familie u der Beſuchenden.
203 413 908 476 Eine geſchwind zunehmende Entkräftigung, als
200 473 906 531 Folge jener schlagartigen Zufälle, beſchleunig⸗
204 528 902 585 te ſein Ende. Er blieb ſich bis zuletzt gegen⸗
201 580 903 637 wärtig, u machte ſelbſt alle Anzeigen ſeiner
202 631 895 691 herannahenden Auflöſung den Umſtehenden
203 683 900 741 mit ſtillem Vergnügen bemerkbar. Seine
201 736 886 796 letzten Worte waren: Nun iſt Chriſtus
200 794 900 848 mein Leben u Sterben iſt mein Gewin̅.
197 846 902 911 Sein Alter hat er beynahe auf 64 Jahre
204 908 353 959 gebracht.
239 950 895 1011 Am 3ten July verschied der verwitwete
202 1005 900 1058 Bruder Jöns Flintenberg in einem Alter
203 1057 894 1121 von 82 Jahren. Seine äußere Führung
199 1116 903 1178 hatte wenig anmerkliches. Er war der Sohn
201 1174 908 1227 eines Bauers in Helsingland, u war als
197 1223 901 1279 Knabe nach Stockholm zu einem Gewürz⸗
198 1278 893 1335 krämer gekom̅en. Jn der Folge hatte er
198 1326 891 1391 einen eigenen Handel angefangen u sich
823 1377 890 1434 durch
