1000 1642
186 117 269 172 310.
295 106 894 173 Jubil. des Einzugs der led. Schwn.
240 184 907 242 Liebes⸗ u. Sünderthränen unſer Dank⸗
238 236 884 304 opfer zu den durchborten Füßen Jeſu
236 291 918 353 niederlegen, u. ausrufen: Wir ſind viel
240 350 923 417 zu geringe aller Seiner Barmherzigkeit
236 408 413 460 u. Treue!
277 455 926 518 Zu dankbarer Erin̅erung an die ſelige
233 518 924 576 Leitung u. Ausführung der Friedensge⸗
237 571 925 630 danken unſers l. Herrn mit unſerm Chor
237 624 927 684 wollen wir etwas von den Umſtänden
234 680 919 742 wiederholen, die ſich ſeit der Chorverbin⸗
234 733 920 793 dung im Jahre 1730. beſonders in Abſicht
236 793 937 851 auf das Beyſam̅enwohnens der ledigen
235 845 930 906 Schweſtern in Herrnhut zugetragen haben.
277 895 902 962 Jm Jahr 1733. fing die ſel. Aelteſtin
232 955 921 1009 Anna Nitſchman̅ die erſte ledige Schwe⸗
235 1008 920 1067 ſtern⸗Oeconomie an, u. zog mit 13 Schwe⸗
236 1054 896 1120 ſtern in das Kühliſche, nachmals alte
232 1114 934 1178 Witwenhaus; im folgenden Jahre nahmen
237 1175 920 1230 ſie ihre Wohnung in dem ſogenan̅ten Flü⸗
235 1223 919 1286 gel des Gemeinhauſes, u. nach der Zeit mie⸗
234 1276 909 1343 theten ſich die Schweſtern das lezte Haus
233 1334 922 1403 auf der Zittauer Gaſſe, wo nachher Geſchw.
868 1380 906 1421 Do⸗
