1000 1640
100 104 603 173 und Hope in Jerſey. 1805.
712 111 789 164 175.
48 174 719 249 17. Jahre lang bey groſſer Armuth u.
44 231 701 297 andern ſchweren Umſtänden treulich
41 278 732 348 bedienten. Jm Jahr 1783. bekam er aber⸗
45 338 716 403 mals den Antrag, mit ſeiner Frau das
43 399 734 459 Gemeinlein in Newport zu bedienen,
50 451 713 516 u. während ſeines Dienſtes an dieſem
45 507 736 571 Orte wurde er im Jahr 1790. zu einem
50 553 725 632 Presbyter der Brüderkirche ordinirt.
51 612 736 687 Jm Jahr 1803. ſahe er ſich bey ſeiner durch
48 671 722 732 Alter u. mehrere harte Krankheiten
51 727 727 794 geſchwächten Geſundheit genöthigt, ſein
49 779 731 841 Amt niederzulegen, u. nun verbrachte er
53 830 725 898 ſeine noch übrige Lebenszeit in Hope, wo
53 879 725 946 er noch bisweilen eine engliſche Predigt
55 938 728 1004 u. andre Verſam̅lungen hielt. Die Gele⸗
56 1003 711 1062 genheit zu ſeinem Heimgang war ein
53 1044 715 1116 bösartiges Fieber, an welchem in die⸗
55 1097 704 1172 ſem Jahre viele Geſchwiſter in Hope
55 1158 462 1221 krank darnieder lagen.
607 1341 714 1396 No 10.
