1000 1643
183 122 252 174 82.
261 113 893 164 Beſuch in Mähren, April 1806.
228 198 934 254 da wir uns jetzt von dieſer ſchönen Straße
227 251 941 305 ab, u links nach Prerau u Kremſier wendeten,
228 299 943 360 nur wenig vergnügen kon̅ten. Die böhmiſche
222 355 942 415 Sprache wird in dieſem Bezirk allgemein geſpro⸗
226 412 925 470 chen; da jedoch mein Begleiter die polniſche
223 459 947 523 Sprache verſtand, ſo fand unſer Durchkom̅en keine
229 515 943 575 ſonderliche Schwierigkeit. Wir machten verſchie⸗
228 567 928 629 dene Verſuche, Abköm̅linge oder Nachrichten
228 619 937 682 von unſern alten mähriſchen Brüdern in die⸗
231 671 937 745 ſer Gegend auszuforſchen; wozu ſich aber, da
227 732 950 795 wir mit niemanden einige Bekan̅tſchaft hatten,
227 789 946 851 nirgends eine dienliche Gelegenheit ereignen
233 842 946 899 wollte. Jn Kremſier allein kon̅te uns eine
233 893 947 953 bejahrte Frau blos berichten, daß ſie von ihren
231 949 942 1012 Voreltern erzählen gehört, es habe hier Leute
236 1004 941 1061 gegeben, welche Anhänger von einem gewiſſen
240 1059 991 1112 Man̅, Namens Huſs, geweſen wären, von denen
236 1114 965 1171 man aber nichts mehr wiſſe. Um ſo ausführlichere
236 1165 947 1222 Nachrichten ertheilte man uns dagegen von der
237 1216 942 1275 erfahrenen Kriegsnoth u von den Ruſſiſchen u
237 1272 950 1330 Franzöſiſchen Truppen, die hier geweſen; welche
240 1319 939 1391 Nachrichten aber größtentheils nicht erfreulich
866 1377 964 1411 waren
