1000 1640
101 113 675 177 d. d. Neudietendorf. Oct. 1806.
700 121 783 181 245.
40 194 710 253 zur Bewahrung, u. wurden Seines
35 254 702 315 Troſtes u. Friedens auf eine beſon⸗
37 307 381 368 dere Weiſe inne.
84 358 697 430 Schon an dieſem Tage u. am fol⸗
41 418 713 488 genden den 14ten hörte man aus der
31 476 706 538 Ferne canoniren, u. Abends an lez⸗
35 525 712 602 term Tage erhielten wir die Nachricht
39 594 652 654 von einer bey Jena vorgefallnen
41 646 717 709 Schlacht. Wir ſind dermalen in einer
42 700 723 760 bedenkln u. traurigen Lage, in wel⸗
47 753 742 825 cher wir in der Stille u. laut zu unſerm
48 813 690 876 guten Hld. ſeufzen u. ſchreyen. Es
50 870 699 932 gibt bey ſolchen drückenden Zeiten
48 924 702 986 viel zu tröſten u. aufzumuntern;
49 977 693 1039 der Hld. gibt aber auch Seinen ar⸗
50 1035 691 1092 men Dienern ſtündl. die nöthige
51 1083 722 1149 Gnade u. Kraft, u. ſtärkt unſern Muth
53 1144 725 1207 u. unſer Vertrauen zu Jhm. Zwiſchen
50 1198 722 1260 Molsdorf u. Steden ſoll ſich ein Preu⸗
54 1250 730 1317 ſſiſches Lager formirt haben, u. man
56 1303 711 1387 ſagt, daß daſelbſt eine Hauptſchlacht
