1000 1643
157 128 223 181 110.
234 116 928 188 Berichte Engliſcher Gemeinen, 1804 u 1805.
224 198 906 264 Liebe zu allen denen hervor, die mit uns gleicher
229 253 916 322 Geſin̅ung ſind, ſo daß ſolche Seelen, wen̅ ſie ſich an⸗
225 306 911 374 treffen, ſich ſogleich an einander anſchließen, u in
222 357 924 429 dieſer Vereinigung eine Art von him̅liſchem Genuß
225 415 904 477 finden, für welchen nur die einen Sin̅ haben, die
223 465 921 533 durch die Liebe Chriſti zu einem Geiſte getauft ſind.
221 516 917 584 Wahre Armuth des Geiſtes beugt uns zu den Füßen
226 571 916 644 unſers Heilandes in gänzlicher Abhängigkeit von Jhm,
219 622 920 699 u Er gießt um Seines Verdienſtes willen jene un⸗
216 680 918 751 ſchätzbare Liebe in unſre Herzen aus, welche uns das
212 737 916 807 Leben hiernieden verſüßt, u uns tüchtig macht, mit
214 795 917 862 Eifer u Angelegenheit dem Ziele nachzuſtreben, wel⸗
213 845 909 916 ches uns vorhält die him̅liſche Berufung in Chriſto
214 901 910 968 Jeſu. Jn dem gegenwärtigen Leben wechſeln Freude
215 954 910 1022 u Leid, Geſundheit u Krankheit unaufhörlich mit
211 1008 913 1066 einander ab. Wen̅ wir uns aber im Glauben an
209 1060 914 1130 die unwandelbaren Verheißungen Gottes halten;
207 1116 892 1183 ſo leben wir der gewiſſen Zuverſicht, daß alle
200 1170 914 1235 Dinge zu unſerm Beſten dienen ſollen. Wen̅ uns
206 1223 915 1290 unſer Herz beſtändig auf den für uns gemarterten
208 1280 909 1342 Heiland gerichtet wäre, ſo würden wir auf alles,
199 1334 910 1400 was uns begegnen kan̅, gefaßt u in Seinem heiligen
809 1384 894 1444 Willen
