1000 1641
135 132 194 197 56.
203 124 907 181 Von Stockholm 1801, 1802 u 1803.
241 220 908 276 Die andere war die Generalin, Freyherrin
199 276 900 326 v. Armfeldt, geborne Wän̅erſtedt, Mutter des
199 326 898 381 in der politiſchen Welt ſehr bekan̅ten Gene⸗
193 381 896 436 rals Baron Guſtav Mauritz Armfeldt. Sie
198 429 892 490 war eine große Freundin u Wohlthäterin
190 490 898 542 der Armen u Nothleidenden. Die Inſchrift,
191 541 899 596 welche nach der eigenſtändigen Verordnung der
197 597 895 653 Seligen auf ihren Sarg geſetzt wurde, ent⸗
195 655 896 709 hält ein Zeugniß über ſie, in welches alle,
193 705 900 763 die ſie gekan̅t haben, von Herzen einſtim̅en.
195 760 895 817 "Hier liegt der vergängliche Theil der Ma⸗
191 815 891 868 ria Chriſtina Wän̅erſtedt, einer Sünderin,
187 868 894 929 die in Jeſu Blut ihre Seligkeit geſucht u ge⸗
190 919 893 981 funden hat, u nach mancherley Prüfungen
186 974 883 1038 im Glauben an ihren Erlöſer durch Jeſu
187 1029 843 1091 Macht u Beyſtand ſelig entſchlafen iſt."
227 1085 882 1138 Am 10ten März vollendete der Heiland
187 1135 891 1196 die verheiratete Schweſter Maria Dahlſtröm,
192 1192 893 1249 geborne Sundberg, in ihrem 76ſten Lebens⸗
190 1244 897 1304 jahre. Jn den frühern Jahren ihres Lebens
189 1297 893 1356 war ſie in Bekan̅tſchaft mit einer Geſell⸗
190 1350 895 1415 ſchaft von Erweckten gekom̅en. Sie beſuchte
837 1399 892 1450 die
