1000 1642
112 135 738 192 Beſuch in Mähren, April 1806.
758 135 810 191 71.
68 217 768 279 wärtigte, wie dieſer theure Knecht Gottes hier mit
69 271 771 331 ſeiner flüchtenden Gemeine kniend den
72 321 772 387 Heiland angefleht, daß Er doch nicht ganz mit Sei⸗
66 378 771 438 ner Gnade von dieſem Ort u Lande weichen,
68 428 773 494 ſondern fortdauernd einen Samen wolle übrig
69 482 776 549 bleiben laſſen, ſtiegen wir von dieſer angeneh⸗
69 536 782 601 men Höhe wieder herunter, worauf wir alsbald,
73 592 787 659 nachdem wir uns von Herrn Jäſchke freundſchaft⸗
73 644 771 715 lich verabſchiedet hatten, unſre weitere Reiſe
78 712 248 758 antraten.
125 749 787 814 Etwa drey Stunden von Fulneck kamen wir
80 804 788 870 zu einem großen ſchönen Vorwerk, von welchem
78 862 782 922 ich wußte, daß es den Eltern unſers noch le⸗
77 911 792 975 benden, alten Bruders Zeisberger zugehört hat.
84 965 785 1034 Jch kon̅te nicht umhin, einen dabey ſtehenden
78 1017 784 1084 Man̅, der mir der Wirth dieſes Hofes zu ſeyn
81 1072 790 1142 ſchien, zu fragen, ob er der gegenwärtige Be⸗
80 1124 784 1195 ſitzer dieſes großen u anſehnlichen Meierhofes
81 1175 782 1242 ſey? worauf die Antwort war: er ſey nur
78 1231 783 1292 der Verwalter; der Hof gehöre bis jetzt noch
82 1282 770 1347 der Gräfin v. Truchſeſs, dieſelbe ſey aber
77 1334 792 1398 Willens, dieſe Felder u Grundſtücke an die⸗
660 1378 790 1445 jenigen
