1000 1642
210 117 298 188 232.
332 99 850 187 Schreiben des Br. Risler
253 173 943 251 noch, u. Gott hat perſönln Schaden ver⸗
256 238 916 304 hütet; wir haben aber groſſen Ver⸗
251 290 916 363 luſt erlitten, da ſo viele Franzöſiſche
250 350 937 424 Kriegsvölker hier durchgezogen, zum
251 408 936 478 Theil einquartiert worden ſind, oder
250 473 869 534 um uns herum campirt haben.
248 522 893 586 Wer weiß, wie es gegangen ſeyn
249 574 947 640 würde, wen̅ nicht unſre gute Fürſtin,
258 633 930 691 (der Fürſt war krank) die Anweſen⸗
248 685 934 754 heit des Franzöſiſchen Kaiſers benuzt
247 736 947 818 hätte, um mehr Freiheit von Einquar⸗
245 807 881 862 tierung u. Schonung zu erbitten.
246 858 926 919 Gott ließ es Jhr gelingen. Dadurch
244 913 895 977 iſt auch uns viel Erleichterung ge⸗
242 973 927 1029 worden; doch iſt die Unruhe von man⸗
242 1028 930 1086 cher Art noch nicht vorbey, u. faſt je⸗
241 1075 934 1141 der Tag hat ſeine Plage. Unſre Brr:
238 1132 949 1205 welche auf der Leipziger Meſſe wa⸗
240 1196 916 1258 ren, ſind für ihre Perſonen wohl⸗
242 1247 923 1321 behalten auf Umwegen zu uns zu⸗
242 1309 507 1373 rück gekom̅en.
818 1356 889 1415 Am
