1000 1641
218 117 884 171 Brief von Br. Byhan, April 1805.
152 129 201 179 10.
192 201 860 267 Schule, Kost u Besorgung haben; welches wir
197 260 878 317 zwar sehr beſchwerlich fänden, aber doch in der
196 317 867 371 Hoffnung unternom̅en hätten, daß dadurch
189 368 881 424 das Evangelium in die Herzen der Cherokeſen
191 421 885 478 Eingang finden werde. Herr Blackburn ſagte,
189 474 858 529 er habe, Loskiels Geſchichte unſrer Miſſion
187 529 864 581 unter die nördlichen Indianer geleſen u
186 577 882 639 dadurch einige Jden von unſrer Methode bey
186 630 856 691 Miſſionen erhalten, er wünſche nun auch
186 688 883 752 die Grönländische Hiſtorie zu leſen, welche
187 743 888 805 ich ihm den̅ gelegentlich zuzustellen verſprach.
188 800 875 856 Er lud mich sodan̅ ein, den folgenden Tag
185 853 885 909 da zu bleiben, weil er geſon̅en sey, den
183 903 879 961 benachbarten Jndianern eine Versam̅lung
187 956 885 1020 zu halten; wozu sie auch ſchon beſtellt wären,
186 1013 866 1070 u ich nahm ſeine Einladung an. Abends
187 1067 870 1125 hielt er ein Abendgebet. Gegen 10 Uhr
182 1118 860 1178 in der Nacht erhob ſich ein ſo gewaltiger
186 1173 889 1229 Regen u heftiger Sturm mit Gewitter, daß
185 1222 852 1284 ich glaubte, genöthigt zu ſeyn, in aller
183 1279 882 1337 Frühe abzureiſen, ehe der Hiwaſsee⸗Fluß
189 1333 883 1390 zu hoch anliefe; allein der Regen ließ nach,
837 1381 875 1418 u
