1000 1642
88 113 763 166 Von Stockholm, 1801, 1802 u 1803
780 115 833 188 19.
103 190 781 253 Von ſeinen eigenen Jugendjahren erin̅erte
75 240 786 316 er ſich oft mit Dankbarkeit der guten Eindrücke,
72 298 775 361 die er ſchon damals an ſeinem Herzen ver⸗
72 346 761 424 ſpürt hatte. Er widmete ſich frühzeitig dem
73 404 782 473 Seedienſte, in welchem er bald ausgezeichnete
74 457 781 520 Talente entwickelte. Jm 7jährigen Kriege dien⸗
74 508 788 582 te er von 1756 bis 1758 auf der franzöſiſchen
78 562 779 633 Flotte, zeichnete ſich auf dem Admiralſchiffe,
76 614 782 687 le Fondroyant, bey der Landung auf Minorka,
83 669 769 742 u in einer Seeſchlacht am 20ſten May 1756,
83 727 772 795 in welcher die Franzoſen unter Admiral
87 779 782 849 Galiſsionière die Engländer unter Admiral
86 834 781 903 Bing beſiegten, rühmlich aus, u diente dan̅
86 889 796 958 bey mehrern Expeditionen in der Spaniſchen
84 942 781 1006 und Mittelländiſchen See. Von dem Jahre 1758
86 997 788 1062 an diente er ausſchließend dem Vaterlande.
87 1049 789 1120 Seine reife Erfahrung, ſeine guten Einſichten
89 1099 788 1171 in dem mathematiſchen Theile des Seedienſtes,
93 1158 789 1224 ſein Ordnungsgeiſt, die Beſtim̅theit, mit welcher
93 1208 786 1268 er ſeine Befehle ertheilte, u eine bey ſei⸗
90 1259 789 1327 nem hitzigen Temperamente kaum zu er⸗
88 1316 792 1375 wartende Kaltblütigkeit in Gefahren zeichneten
728 1361 781 1405 ihn
