1000 1640
153 101 632 181 um Bethlehem. 1804.
718 112 788 168 155.
53 177 733 247 von den drey auf dieſer Jnſel befind⸗
50 231 750 307 lichen Kirchen der Predigt beyzuwohnen,
51 289 735 350 und daß ſie nächſten Son̅tag zu uns kom̅en
51 338 732 407 würden. Es verſam̅elte ſich dann an dem
51 392 718 462 darauf folgenden Sontag außer den
51 449 727 517 Officieren der Miliz eine große Menge
55 503 734 568 von Menſchen zu der Predigt, welche über
55 553 733 628 den Spruch: der Herr wird für mich ſtrei⸗
54 614 731 683 ten, u. ihr werdet ſtille ſeyn – gehalten
56 666 701 734 wurde. Das Beyspiel Jeſu, der ſich nicht
58 722 717 789 ſelbſt gerochen, ſondern für ſeine Feinde
58 776 716 841 gebetet hat, wurde einem jeden, der ſich
55 831 737 897 einen Chriſten nen̅t, zur Nachahmung em⸗
61 882 740 952 pfohlen. Genan̅ter General war bekant⸗
58 934 718 1007 lich im Duell geblieben. Der Major be⸗
61 988 736 1058 dankte ſich ausdrücklich für dieſe Predigt,
61 1050 737 1115 u. ſagte: ſolche Predigten ſolten wir öf⸗
60 1097 738 1166 ters haben. Das würde ein gutes Mittel
64 1161 659 1221 ſeyn, den Partheygeiſt zu dämpfen.
92 1208 739 1274 Der Lutheriſche Prediger in Newyork
61 1261 744 1326 Dr. Kunz, dem einige Gemein⸗Nachrichten
64 1312 741 1392 mitgetheilt worden waren, bezeugte bey
681 1362 737 1429 zu⸗
