1000 1643
135 117 219 179 136.
226 116 873 180 Schreiben von Br. Kluge, April 1806.
211 201 910 261 warfen, Jhn um Stärke u Ergebenheit in Seinen
209 255 913 317 Willen anfleheten, u uns u unſern armen Joſua
210 310 907 376 in Seinen allmächtigen Schutz empfahlen. Zugleich
207 362 912 429 baten wir Jhn, wen̅ es Sein Rath u Wille ſey, daß
205 417 909 478 wir u unſer Joſua das Leben unter den Händen der
208 468 920 530 Wilden verlieren ſollten, ſo wolle Er uns auch Kraft
209 524 906 581 ſchenken, Jhm bis in den Tod treu zu bleiben. Wie
206 580 902 636 uns in dieſer Stunde zu Muthe war, werden wir
200 638 908 691 nie vergeſſen. Es war uns bekan̅t, daß die Wilden
204 681 915 750 uns u alle Lehrer der gläubigen Jndianer in Ver⸗
198 737 920 810 dacht haben, als forderten ſie denjenigen Jndianern,
200 798 913 861 welche ſich bekehren, ihr Gift ab, u behielten ſelbiges;
197 850 907 911 u wen̅ dan̅ die Jndianer nicht thäten, wie die weißen
200 902 906 965 Lehrer wollten, ſo machten ſie dieſelben damit krank
200 960 899 1018 oder todt. Wir kon̅ten daher nicht wiſſen, wozu der
196 1008 909 1075 böſe Feind dieſe Wilden verleiten u was alsdan̅ unſer
195 1066 896 1127 Schickſal ſeyn kön̅te, zumal da ſie droheten, einen
196 1119 905 1181 jeden anzufaſſen, der nur das geringſte gegen
197 1176 903 1235 ihr Verfahren redete. Ungeachtet ſolcher Drohungen
197 1225 894 1283 beſchloſſen wir aus Drang unſers Herzens, mit
192 1282 899 1338 einer Anrede zu den verſam̅elten Wilden zu
195 1337 891 1398 gehen, um zu verſuchen, ob wir noch etwas zur
839 1385 900 1458 Er⸗
