1000 1643
157 136 220 201 112.
226 131 931 204 Berichte Engliſcher Gemeinen, 1804 u 1805.
227 215 888 268 wir zu den erſten, verlangen wir wahrhaftig
228 268 921 324 nach dem Genuß des Leibes u Blutes Jeſu im heil.
226 319 917 378 Abendmahl; ſo haben wir auch dies einzig u allein
226 378 917 436 den mächtigen Wirkungen ſeiner göttlichen Gnade
223 430 491 480 zu verdanken.“ —
264 477 709 535 So viel aus dieſen Briefen.
224 527 934 594 Die Gemeine zu Bristol feyerte am 25ſten Jan.
227 592 922 649 1805 ein frohes u begnadigtes Jubelfeſt zum An⸗
223 644 915 703 denken ihrer erſten Einrichtung vor 50 Jahren.
223 698 916 756 Der eigentliche Gedenktag iſt der 26ſte Jan. Weil
222 747 919 805 dieſer aber diesmal auf einen Son̅abend fiel,
224 801 915 865 und es in verſchiedener Hinſicht unpaſſend geweſen
223 862 934 917 ſeyn würde, das Feſt an dieſem Tage zu begehen,
221 909 913 971 ſo wurde daſſelbe auf den vorhergehenden Tag
217 965 913 1026 verlegt. Mehrere Geſchwiſter von Kingswood u
218 1020 920 1077 Bath, ſo auch verſchiedene Freunde aus der Stadt
217 1076 916 1136 nahmen an der Feyer dieſes Tages geſegneten
218 1130 926 1189 Antheil. Jn einer der Verſam̅lungen, mit wel⸗
221 1184 921 1240 chen dieſer Tag begangen wurde, ward eine kurze
218 1236 926 1298 Nachricht von dem Entſtehen der Brüdergemeine zu
215 1290 922 1351 Bristol, Kingswood u Bath geleſen, aus welcher
215 1348 631 1412 folgendes mitzutheilen iſt:
816 1388 923 1442 Nachdem
