1000 1642
315 102 828 165 Schreiben des Br. Krause
198 105 284 169 240.
258 179 733 248 Gemeinfeſt nachzufeiern.
307 235 937 307 Von den Begebenheiten des Kriegs
256 293 928 361 hören wir nur wenig. Der Herr hat
250 345 941 414 noch einmals was verſehn in Seinem
250 403 927 473 Regiment, das macht unſern Willen
251 458 935 533 ſtill u. unſer Herz voll Hoffnung bey
249 521 933 590 manchem Kum̅er. Selbſt das Sehen
254 575 941 644 ſo vieler Kriegsvölker, ihre Durchmär⸗
250 628 918 706 ſche, die Wagen mit Amunition pp.
251 693 927 764 ſind einem weichen, fühlenden Her⸗
250 745 575 807 zen Leiden. —
251 852 916 926 b.) Von Br. Samuel Krause in Neudie⸗
289 917 826 979 tendorf. d. d. 8ten Oct. 1806.
245 967 929 1041 Nunmehr haben ſich die unruhigen
243 1018 943 1104 Zeiten mit Macht bey uns eingeſtellt,
248 1083 907 1147 u. die ganze Gegend iſt dermaſſen
244 1138 891 1204 mit Preuſſiſchen Truppen erfüllt,
241 1195 923 1264 daß wir nicht ohne Beſorgniß wegen
246 1243 942 1330 Einquartierung für unſern Ort waren,
243 1309 931 1375 u. deshalb bereits einige Vorkehrungen
846 1368 919 1438 auf
