<?xml version="1.0" encoding="utf-8"?>
<pc:PcGts xmlns:pc="http://schema.primaresearch.org/PAGE/gts/pagecontent/2019-07-15" xmlns:xsi="http://www.w3.org/2001/XMLSchema-instance" xsi:schemaLocation="http://schema.primaresearch.org/PAGE/gts/pagecontent/2019-07-15 http://schema.primaresearch.org/PAGE/gts/pagecontent/2019-07-15/pagecontent.xsd" pcGtsId="GT-OCR-GN_1806_1__GN.A.351__95_15a83">
  <pc:Metadata externalRef="https://images.iiif.slub-dresden.de/iiif/2/data%2Fkitodo%2FNachaudeB_1745047107_1806_1%2FNachaudeB_1745047107_1806_1_tif%2Fjpegs%2F00000096.tif.medium.jpg/full/full/0/default.jpg">
    <pc:Creator>escriptorium</pc:Creator>
    <pc:Created>2024-01-26T14:55:54.952465Z</pc:Created>
    <pc:LastChange>2024-01-26T14:55:54.952477Z</pc:LastChange>
    <pc:MetadataItem type="processingStep" name="recognition/post-correction" value="ocrd-cor-asv-ann-join">
      <pc:Labels externalModel="ocrd-tool" externalId="parameters">
        <pc:Label value="False" type="add-filegrp-comments"/>
      </pc:Labels>
      <pc:Labels externalModel="ocrd-tool" externalId="version">
        <pc:Label value="0.1.14" type="ocrd-cor-asv-ann-join"/>
        <pc:Label value="2.60.2.dev0+gac1f15b3.d20240125" type="ocrd/core"/>
      </pc:Labels>
    </pc:MetadataItem>
  </pc:Metadata>
  <pc:Page imageFilename="95_15a83_default.jpg" imageWidth="1000" imageHeight="1643">
    <pc:TextRegion id="eSc_textblock_7faaf506" custom="structure {type:text;}">
      <pc:Coords points="897,113 912,124 912,167 791,185 814,200 930,208 941,233 934,900 945,1028 934,1171 945,1269 930,1415 858,1426 780,1401 200,1386 211,178 157,170 153,127 173,109"/>
      <pc:TextLine id="eSc_line_e7616640">
        <pc:Coords points="884,112 871,112 857,112 843,112 830,112 816,112 802,112 800,112 787,117 701,117 689,113 684,112 679,112 669,112 667,113 657,117 638,113 623,110 621,110 620,110 619,110 619,112 616,113 612,119 553,119 546,115 538,110 528,110 515,110 512,110 510,112 495,110 487,110 473,110 460,110 450,116 449,117 447,116 441,110 432,110 426,110 420,113 378,109 364,109 350,109 336,109 323,109 321,109 312,113 289,109 282,109 268,109 254,109 241,116 242,146 242,157 349,165 350,165 352,165 353,165 363,158 368,157 464,157 487,160 530,167 531,167 563,161 583,157 590,161 595,167 597,167 598,167 600,167 626,161 635,160 638,161 645,167 646,167 647,167 649,168 730,168 730,167 731,167 745,162 768,156 776,162 778,164 778,165 779,165 780,165 782,165 805,164 869,157 895,164 900,142 897,115 884,112"/>
        <pc:Baseline points="243,147 301,145 900,143"/>
        <pc:TextEquiv index="0">
          <pc:Unicode>Beſuch in Mähren, April 1806.</pc:Unicode>
        </pc:TextEquiv>
      </pc:TextLine>
      <pc:TextLine id="eSc_line_fec89873" custom="structure {type:default;}">
        <pc:Coords points="157,121 158,149 158,171 224,158 224,147 220,117 158,119 157,121"/>
        <pc:Baseline points="160,150 225,148"/>
        <pc:TextEquiv index="0">
          <pc:Unicode>92.</pc:Unicode>
        </pc:TextEquiv>
      </pc:TextLine>
      <pc:TextLine id="eSc_line_1e5096fc" custom="structure {type:default;}">
        <pc:Coords points="929,210 870,210 869,209 852,202 851,202 850,202 849,202 848,202 838,209 838,209 811,209 810,209 799,201 798,201 797,201 796,201 795,201 776,208 750,200 749,200 748,200 679,208 673,208 673,208 664,200 664,199 663,199 663,199 662,199 661,199 646,207 646,208 604,208 603,207 592,199 591,199 590,199 589,199 589,199 570,204 562,198 561,198 560,198 489,198 488,198 436,202 423,198 422,198 421,198 421,198 396,205 394,205 336,205 335,204 328,198 327,198 326,198 326,198 273,203 271,203 270,203 250,198 249,198 248,198 225,202 225,230 224,255 242,256 242,256 243,256 245,255 270,243 307,255 313,257 314,257 315,258 339,258 339,257 340,257 344,255 353,251 394,255 421,258 421,258 422,258 423,258 428,255 445,245 463,245 482,255 489,259 490,259 491,260 551,260 551,259 552,259 560,255 577,246 665,246 678,254 688,261 689,261 690,261 691,261 705,261 705,261 705,261 706,261 715,254 724,248 784,252 785,252 805,249 811,254 819,260 820,260 821,260 821,260 836,257 849,262 850,262 851,262 931,253 932,237 932,215 929,210"/>
        <pc:Baseline points="225,230 932,237"/>
        <pc:TextEquiv index="0">
          <pc:Unicode>theilung dieſes Geſchenks einzuladen, u ent⸗</pc:Unicode>
        </pc:TextEquiv>
      </pc:TextLine>
      <pc:TextLine id="eSc_line_42afb60d" custom="structure {type:default;}">
        <pc:Coords points="220,285 219,298 252,310 252,310 253,310 302,304 312,309 313,309 314,309 315,309 315,309 332,299 336,297 362,297 365,299 370,303 371,303 372,303 373,303 374,303 380,300 398,311 399,311 400,311 456,312 457,312 458,312 476,303 501,312 502,312 503,313 535,313 535,312 536,312 536,312 549,302 553,299 571,302 587,303 588,303 623,303 678,300 685,303 696,308 697,308 698,308 699,308 715,303 723,301 726,303 735,311 736,311 736,311 756,313 757,313 757,313 778,304 786,301 820,302 822,304 835,314 836,314 837,314 838,315 883,315 883,314 884,314 901,305 906,303 927,305 929,291 929,269 894,267 880,260 879,260 878,260 877,260 859,268 858,268 856,268 821,261 821,261 820,261 804,264 796,259 795,259 794,259 793,259 733,267 729,267 728,267 711,259 710,259 709,259 647,266 646,266 645,266 634,258 633,258 632,258 590,258 589,258 589,258 571,264 528,258 527,258 526,258 508,264 494,257 494,257 453,256 452,256 405,264 404,264 403,264 380,256 379,256 378,256 378,256 358,264 357,264 220,263 220,285"/>
        <pc:Baseline points="220,285 929,291"/>
        <pc:TextEquiv index="0">
          <pc:Unicode>ließen uns hierauf unter Verſicherung Jhrer</pc:Unicode>
        </pc:TextEquiv>
      </pc:TextLine>
      <pc:TextLine id="eSc_line_0087ccc5" custom="structure {type:default;}">
        <pc:Coords points="221,343 221,356 234,357 252,372 252,372 253,372 254,373 315,373 315,372 315,372 328,366 357,372 358,372 359,372 378,364 395,372 396,372 397,372 398,372 399,372 415,358 418,357 471,357 475,359 500,371 501,371 502,371 503,371 504,371 520,361 540,367 541,367 542,367 543,367 544,367 553,361 563,366 564,366 565,366 566,366 567,366 575,360 579,357 642,359 643,361 657,372 658,372 659,372 660,373 707,373 707,372 708,372 709,372 723,364 737,372 738,372 739,373 761,373 761,372 762,372 763,372 778,362 786,357 810,362 832,366 833,366 834,366 835,366 841,363 847,358 856,359 860,363 872,372 873,372 873,372 874,372 920,363 920,343 920,322 713,322 710,320 691,313 690,313 689,313 688,313 675,320 661,313 660,313 659,313 588,313 587,313 576,320 573,321 569,320 551,313 550,313 549,313 519,317 499,313 498,313 497,313 496,313 495,313 487,319 485,321 479,319 457,313 456,313 419,313 418,313 417,313 416,313 408,319 397,313 396,313 355,313 354,313 353,313 340,318 334,322 283,322 277,318 271,313 270,313 269,313 245,313 244,313 221,317 221,343"/>
        <pc:Baseline points="221,343 920,343"/>
        <pc:TextEquiv index="0">
          <pc:Unicode>Wohlgewogenheit ſehr freundſchaftlich. Noch</pc:Unicode>
        </pc:TextEquiv>
      </pc:TextLine>
      <pc:TextLine id="eSc_line_76590dfe" custom="structure {type:default;}">
        <pc:Coords points="223,396 222,418 263,419 264,419 265,419 266,419 266,418 273,415 279,418 281,419 282,419 283,420 336,420 336,419 337,419 341,418 363,412 379,418 382,419 383,419 454,420 455,420 456,420 457,420 460,418 466,413 499,410 547,415 548,415 661,411 684,418 694,420 695,420 696,420 714,418 746,412 779,418 794,419 795,419 796,419 801,418 815,412 874,412 886,418 898,422 899,422 900,422 926,417 927,399 926,377 841,377 840,376 830,368 829,368 828,368 827,368 787,376 755,369 754,369 717,375 683,367 682,367 681,367 663,376 661,376 657,376 612,367 611,367 610,367 589,375 586,376 585,375 573,366 572,366 571,366 570,366 569,366 552,373 537,366 536,366 503,366 502,366 501,366 486,374 485,375 476,374 395,366 334,366 333,366 332,366 318,373 315,375 278,375 276,373 269,367 268,367 267,367 266,367 223,372 223,396"/>
        <pc:Baseline points="223,396 927,399"/>
        <pc:TextEquiv index="0">
          <pc:Unicode>ehe wir unſern Rückweg wieder antraten,</pc:Unicode>
        </pc:TextEquiv>
      </pc:TextLine>
      <pc:TextLine id="eSc_line_60b52474" custom="structure {type:default;}">
        <pc:Coords points="221,450 221,462 242,474 243,474 271,478 272,479 298,479 298,478 299,478 300,478 315,465 330,470 331,470 332,470 333,470 347,464 353,462 498,462 506,468 518,478 519,478 520,478 521,479 590,479 590,478 591,478 592,478 601,470 613,462 640,462 652,470 653,470 654,470 655,470 656,470 657,470 665,465 686,472 702,478 703,478 704,479 726,479 726,478 726,478 727,478 733,473 739,469 746,474 751,478 752,478 753,478 754,479 782,479 782,478 783,478 784,478 787,475 793,470 832,463 859,467 872,477 873,478 873,478 874,478 875,479 929,479 930,450 926,423 917,429 896,424 895,424 894,424 894,424 893,424 884,429 869,423 864,421 863,421 863,421 838,422 837,422 836,422 835,423 826,429 780,423 772,422 771,422 770,422 768,423 753,430 651,430 642,425 642,425 641,425 640,425 610,429 600,422 600,422 599,422 598,422 592,422 575,425 561,422 545,419 544,419 543,419 542,419 538,422 527,429 496,422 490,421 489,421 481,422 445,429 432,422 431,422 431,422 430,422 410,429 373,423 372,423 339,429 322,422 316,419 315,419 315,419 221,421 221,450"/>
        <pc:Baseline points="221,450 930,450"/>
        <pc:TextEquiv index="0">
          <pc:Unicode>beſuchten wir die hieſige evangeliſche Kirche,</pc:Unicode>
        </pc:TextEquiv>
      </pc:TextLine>
      <pc:TextLine id="eSc_line_0d7d6580" custom="structure {type:default;}">
        <pc:Coords points="220,504 221,521 230,517 240,521 252,526 253,526 254,527 308,527 308,526 309,526 321,522 333,518 342,523 345,523 346,523 347,523 347,523 351,523 370,516 488,516 496,523 497,523 498,523 499,523 500,523 501,523 508,518 516,524 517,525 518,525 519,525 520,525 521,525 524,524 543,517 571,525 578,527 579,527 631,528 632,528 633,528 638,526 649,521 663,524 664,524 665,524 693,518 707,524 708,524 709,524 710,524 732,518 738,523 739,523 740,523 741,523 765,521 775,527 777,529 778,529 778,529 779,529 797,528 847,523 868,527 869,527 870,527 884,522 925,529 926,508 926,486 878,478 877,478 797,479 796,479 779,485 778,485 777,485 757,478 757,478 756,478 694,484 693,484 690,484 640,479 639,479 609,484 606,484 603,484 574,476 573,476 572,476 571,476 552,483 552,484 518,484 517,483 505,476 505,476 504,476 467,476 466,476 465,476 452,483 393,483 360,483 359,482 353,478 352,478 351,478 350,478 325,482 324,482 323,482 297,475 296,475 295,475 294,475 268,482 265,482 220,482 220,504"/>
        <pc:Baseline points="220,504 926,508"/>
        <pc:TextEquiv index="0">
          <pc:Unicode>welche in der Vorſtadt ohnweit des Spielberg⸗</pc:Unicode>
        </pc:TextEquiv>
      </pc:TextLine>
      <pc:TextLine id="eSc_line_7328e5f0" custom="structure {type:default;}">
        <pc:Coords points="221,562 222,584 245,570 267,584 268,584 269,584 296,585 297,586 355,586 355,585 356,585 359,584 391,571 423,584 430,586 431,586 431,586 452,583 467,581 468,581 486,571 520,583 522,584 523,584 524,584 525,584 526,583 542,575 572,578 573,578 574,578 575,578 583,572 664,576 665,576 751,574 766,579 767,579 768,579 768,579 787,574 807,583 822,589 823,589 824,590 850,590 850,589 851,589 852,589 859,583 867,589 868,589 869,589 870,590 905,590 905,589 905,589 906,589 915,583 916,582 927,582 929,566 929,536 914,533 913,533 912,533 905,535 894,542 870,542 852,535 847,533 846,533 845,533 844,533 843,533 842,535 831,541 797,541 789,534 785,531 784,531 783,531 764,531 763,531 762,531 761,531 757,534 749,539 720,540 706,533 698,530 697,530 696,530 680,533 666,536 651,533 633,530 632,530 631,530 631,530 627,533 621,537 607,533 606,533 605,533 526,538 515,532 508,528 507,528 442,528 442,528 441,528 432,531 417,536 407,531 401,528 400,528 400,528 399,528 390,531 376,535 367,530 364,529 363,529 362,529 361,529 357,530 346,534 305,530 275,526 274,526 273,526 267,529 255,536 236,536 221,529 221,562"/>
        <pc:Baseline points="221,562 494,560 929,566"/>
        <pc:TextEquiv index="0">
          <pc:Unicode>ges gelegen iſt, u wurden überaus angenehm</pc:Unicode>
        </pc:TextEquiv>
      </pc:TextLine>
      <pc:TextLine id="eSc_line_50f19557" custom="structure {type:default;}">
        <pc:Coords points="214,614 213,624 236,625 252,638 253,638 254,638 255,638 256,638 280,630 290,638 291,638 292,638 293,639 368,639 368,638 369,638 389,630 401,639 402,639 403,639 404,639 443,638 444,638 473,630 483,627 570,627 606,629 610,633 620,640 621,640 621,640 622,641 644,641 644,640 645,640 658,634 671,627 737,627 748,634 749,634 750,634 751,634 752,634 772,628 804,638 819,641 820,641 821,642 851,642 851,641 852,641 852,641 856,638 859,636 865,638 872,641 873,641 873,641 926,639 927,617 927,594 861,588 860,588 784,591 760,592 753,591 735,587 734,587 689,590 667,591 657,589 625,584 624,584 574,588 570,588 559,583 558,583 557,583 483,584 482,584 481,584 476,587 473,589 456,586 436,584 435,584 434,584 426,586 415,590 403,586 392,582 391,582 390,582 373,586 356,589 341,585 330,582 329,582 328,582 327,582 318,585 304,589 278,584 269,583 268,583 214,583 214,614"/>
        <pc:Baseline points="214,614 927,617"/>
        <pc:TextEquiv index="0">
          <pc:Unicode>überraſcht, als wir bey unſerm Eintritt ſelbige</pc:Unicode>
        </pc:TextEquiv>
      </pc:TextLine>
      <pc:TextLine id="eSc_line_2d06fe37" custom="structure {type:default;}">
        <pc:Coords points="214,669 214,682 226,681 229,683 252,695 252,695 253,696 323,696 323,695 324,695 344,685 359,690 360,690 361,690 362,690 378,685 389,682 424,682 431,686 448,697 449,697 450,697 451,698 473,698 473,697 473,697 500,687 512,683 557,683 565,688 571,692 572,692 573,692 574,692 575,692 585,689 593,685 601,689 621,698 622,698 623,699 678,699 678,698 679,698 692,692 705,699 706,699 707,700 745,700 745,699 746,699 747,699 756,691 765,685 887,685 896,692 897,692 898,692 920,693 922,675 921,653 824,653 822,651 817,647 816,647 815,647 814,647 813,647 812,647 806,651 804,651 759,641 758,641 757,641 757,641 743,650 740,651 705,649 670,648 652,640 651,640 650,640 649,640 617,648 616,648 614,648 571,643 570,643 468,647 461,647 460,647 452,641 451,641 450,641 449,641 448,641 433,647 432,647 431,647 421,638 420,638 419,638 393,638 392,638 391,638 377,646 372,648 367,646 357,642 357,642 356,642 355,642 354,642 349,645 344,648 330,645 301,638 300,638 299,638 214,643 214,669"/>
        <pc:Baseline points="214,669 922,675"/>
        <pc:TextEquiv index="0">
          <pc:Unicode>durchgehends mehr einem Gemeinſaale in der</pc:Unicode>
        </pc:TextEquiv>
      </pc:TextLine>
      <pc:TextLine id="eSc_line_762431f0" custom="structure {type:default;}">
        <pc:Coords points="215,724 214,736 237,746 238,746 239,746 240,746 252,743 275,747 276,747 277,747 278,747 292,739 315,748 315,748 316,748 402,739 417,743 418,743 419,743 435,741 453,749 454,749 455,749 517,740 575,749 576,749 577,749 606,741 716,741 730,752 731,752 732,752 733,752 778,745 804,752 805,752 806,752 807,752 808,752 821,743 835,753 836,753 837,753 838,753 866,753 866,753 867,753 881,746 901,753 902,753 903,753 904,753 923,743 924,731 923,701 905,704 891,701 878,698 877,698 876,698 875,698 874,698 870,701 863,706 835,706 830,701 825,697 824,697 823,697 789,697 789,697 788,697 787,697 781,701 775,705 726,705 718,701 713,696 712,696 711,696 679,696 678,696 677,696 676,696 670,700 667,701 659,700 637,696 636,696 635,696 627,700 621,703 587,700 551,696 550,696 549,696 535,700 523,702 480,702 475,700 471,696 470,696 469,696 468,696 440,699 420,701 410,699 389,693 389,693 388,693 387,693 375,699 371,701 339,701 325,699 280,692 279,692 215,698 215,724"/>
        <pc:Baseline points="215,724 924,731"/>
        <pc:TextEquiv index="0">
          <pc:Unicode>Brüdergemeine, als einer ſonſt gewöhnlichen</pc:Unicode>
        </pc:TextEquiv>
      </pc:TextLine>
      <pc:TextLine id="eSc_line_7819f879" custom="structure {type:default;}">
        <pc:Coords points="219,777 218,785 251,800 252,800 294,801 295,802 348,802 348,801 349,801 381,789 427,789 442,797 443,797 444,797 445,797 465,790 497,790 511,801 512,801 513,801 514,801 515,801 540,791 605,805 606,805 633,803 634,803 635,803 645,795 668,806 669,806 670,807 710,807 710,806 711,806 712,806 725,796 748,800 749,800 796,795 797,795 798,795 831,804 831,804 832,804 833,804 858,796 913,804 914,804 915,804 926,796 927,787 926,753 866,763 831,758 831,758 755,761 740,752 739,751 738,751 737,751 736,751 730,752 673,760 644,760 631,751 631,750 630,750 629,750 628,750 627,750 624,751 604,756 592,751 591,751 590,751 560,753 559,753 558,753 551,758 542,752 541,752 540,752 539,752 538,752 521,756 469,749 453,747 452,747 439,749 417,752 412,748 410,746 409,746 408,746 343,745 342,745 341,745 340,745 336,748 324,755 295,755 282,748 281,748 280,748 262,751 256,747 253,744 252,744 252,744 251,744 219,746 219,777"/>
        <pc:Baseline points="219,777 927,787"/>
        <pc:TextEquiv index="0">
          <pc:Unicode>Kirche ähnlich fanden. Gern hätten wir auch</pc:Unicode>
        </pc:TextEquiv>
      </pc:TextLine>
      <pc:TextLine id="eSc_line_79c62629" custom="structure {type:default;}">
        <pc:Coords points="214,834 213,843 303,855 304,856 390,856 390,855 391,855 410,847 413,847 416,847 444,856 445,856 446,856 447,856 473,848 480,847 487,848 507,855 508,855 509,855 535,849 537,849 540,849 569,858 570,858 571,858 572,858 590,850 598,848 619,851 633,853 634,853 650,852 676,849 684,852 693,856 694,856 694,856 715,853 742,849 769,854 795,858 796,858 797,858 809,855 818,852 924,857 926,841 926,817 892,816 879,809 878,809 877,809 842,815 822,807 821,807 821,807 820,807 819,807 808,815 805,816 789,814 732,806 731,806 644,810 574,814 567,808 561,805 560,805 559,805 558,805 557,805 545,808 529,813 517,807 510,805 509,805 508,805 493,807 484,808 477,806 465,804 464,804 463,804 463,804 456,806 442,813 417,813 334,804 325,803 324,803 320,803 299,807 291,803 291,802 290,802 289,802 288,802 287,802 285,802 254,810 214,801 214,834"/>
        <pc:Baseline points="214,834 926,841"/>
        <pc:TextEquiv index="0">
          <pc:Unicode>den Prediger, der uns als ein liebenswür⸗</pc:Unicode>
        </pc:TextEquiv>
      </pc:TextLine>
      <pc:TextLine id="eSc_line_14f7ab92" custom="structure {type:default;}">
        <pc:Coords points="210,886 210,902 232,916 233,916 234,916 235,916 280,904 282,904 283,904 304,916 305,916 305,916 306,916 331,906 334,905 336,906 365,917 366,917 409,918 410,918 410,918 411,918 424,910 438,915 439,915 440,915 441,915 442,915 451,910 452,910 493,910 495,910 505,916 506,916 507,916 508,916 526,911 545,907 554,912 565,920 566,920 567,920 568,920 568,920 589,913 600,910 607,914 611,917 612,917 613,917 614,917 615,917 621,914 627,912 635,914 655,920 656,920 657,920 658,920 677,916 705,909 744,909 800,909 818,920 820,921 821,921 821,921 822,921 833,920 852,918 857,920 859,922 860,922 861,922 862,923 922,923 923,893 922,872 862,862 861,862 831,868 815,861 814,861 813,861 767,862 766,862 751,869 729,862 728,862 727,862 726,862 726,862 715,869 677,869 665,860 664,860 663,860 663,860 662,860 643,868 615,861 614,861 613,861 600,866 586,861 585,861 584,861 514,867 473,858 473,858 440,864 424,858 423,858 392,858 391,858 390,858 374,865 357,860 357,860 356,860 313,865 280,856 279,856 278,856 277,856 276,856 267,862 246,856 245,856 244,856 243,856 242,856 231,865 210,865 210,886"/>
        <pc:Baseline points="210,886 923,893"/>
        <pc:TextEquiv index="0">
          <pc:Unicode>diger, rechtſchaffener Geiſtlicher wiederholt ge⸗</pc:Unicode>
        </pc:TextEquiv>
      </pc:TextLine>
      <pc:TextLine id="eSc_line_adb3fe13" custom="structure {type:default;}">
        <pc:Coords points="210,944 210,971 262,971 262,970 263,970 263,970 284,956 345,956 391,965 392,965 467,957 481,964 482,964 483,964 484,964 491,962 502,970 503,972 504,972 505,972 505,973 546,973 546,972 547,972 551,970 572,962 582,970 584,972 585,972 586,972 673,973 673,973 674,973 675,973 678,970 693,960 718,965 719,965 720,965 733,959 779,959 795,970 799,973 800,973 800,973 801,974 824,974 824,973 825,973 826,973 830,970 843,960 879,968 880,968 881,968 898,962 909,970 911,972 912,972 913,972 914,972 924,970 925,949 924,922 874,926 867,922 863,920 862,920 861,920 860,920 859,920 855,922 851,925 843,922 835,919 834,919 833,919 810,922 784,926 775,922 761,916 760,916 759,916 699,920 671,916 670,916 669,916 653,921 615,915 614,915 613,915 612,915 603,922 600,925 572,925 568,922 557,915 556,915 555,915 554,915 525,920 518,915 517,915 516,915 515,915 475,920 455,915 454,915 453,915 364,922 352,923 347,922 318,915 317,915 316,915 275,920 265,913 264,913 263,913 248,913 247,913 246,913 245,913 229,922 229,923 210,923 210,944"/>
        <pc:Baseline points="210,944 568,943 925,949"/>
        <pc:TextEquiv index="0">
          <pc:Unicode>rühmt worden war, perſönlich ken̅en gelernt,</pc:Unicode>
        </pc:TextEquiv>
      </pc:TextLine>
      <pc:TextLine id="eSc_line_bc2c9a98" custom="structure {type:default;}">
        <pc:Coords points="208,999 208,1012 274,1010 281,1014 295,1021 296,1021 297,1022 341,1022 341,1021 342,1021 343,1021 352,1014 359,1009 372,1009 380,1015 384,1017 385,1017 386,1017 387,1017 388,1017 389,1017 392,1015 399,1011 422,1015 423,1015 463,1009 481,1015 493,1020 494,1020 494,1020 495,1020 496,1020 502,1016 512,1009 554,1015 555,1015 556,1015 575,1009 593,1011 600,1017 605,1021 606,1021 607,1021 608,1022 635,1022 635,1021 636,1021 637,1021 642,1017 651,1012 662,1018 667,1021 668,1021 669,1022 694,1022 694,1021 695,1021 701,1018 721,1009 743,1010 755,1019 757,1021 757,1021 758,1021 759,1022 789,1022 789,1021 790,1021 793,1020 813,1009 842,1009 879,1012 892,1021 893,1021 894,1021 894,1022 936,1022 937,1001 936,975 892,975 891,974 867,967 866,967 865,967 864,967 845,974 843,975 812,975 810,973 800,966 799,966 798,966 797,966 796,966 778,973 775,974 772,973 753,967 752,967 751,967 750,967 749,967 743,972 692,968 691,968 690,968 680,973 646,966 645,966 601,973 585,974 567,972 542,969 541,969 540,969 535,972 528,975 488,975 484,972 474,964 473,964 473,964 472,964 471,964 444,971 431,974 427,971 418,964 417,964 416,964 317,964 316,964 315,964 305,970 297,974 291,970 283,964 282,964 281,964 280,964 208,969 208,999"/>
        <pc:Baseline points="208,999 691,997 937,1001"/>
        <pc:TextEquiv index="0">
          <pc:Unicode>wir mußten aber, da derſelbe abweſend u lange</pc:Unicode>
        </pc:TextEquiv>
      </pc:TextLine>
      <pc:TextLine id="eSc_line_0758335c" custom="structure {type:default;}">
        <pc:Coords points="207,1050 207,1077 247,1077 247,1076 248,1076 249,1076 268,1064 292,1076 294,1077 294,1077 295,1077 325,1077 325,1077 326,1077 326,1077 327,1076 339,1068 349,1076 352,1077 353,1077 354,1077 355,1078 383,1078 383,1077 384,1077 389,1075 414,1063 458,1063 466,1069 467,1069 468,1069 469,1069 470,1069 495,1063 536,1073 536,1073 537,1073 589,1064 616,1069 617,1069 618,1069 619,1069 627,1064 658,1064 683,1074 699,1079 700,1079 701,1079 702,1079 725,1073 758,1065 776,1065 787,1073 796,1080 797,1080 798,1080 799,1080 800,1080 819,1073 831,1068 839,1073 851,1080 852,1080 852,1080 853,1081 904,1081 904,1080 905,1080 927,1072 928,1055 926,1020 900,1030 870,1030 857,1020 856,1020 855,1020 854,1020 852,1020 820,1024 793,1020 783,1019 782,1019 781,1019 780,1019 779,1020 772,1025 767,1020 766,1019 765,1019 764,1019 717,1019 716,1019 715,1019 712,1020 691,1028 622,1028 610,1022 609,1022 608,1022 607,1022 585,1027 574,1021 570,1018 569,1018 568,1018 568,1018 545,1021 515,1025 509,1021 506,1018 505,1018 505,1018 482,1017 481,1017 480,1017 468,1021 452,1027 429,1027 419,1021 413,1017 412,1017 411,1017 410,1017 389,1021 366,1025 353,1021 351,1021 350,1021 349,1021 336,1021 267,1025 260,1022 256,1019 255,1019 254,1019 253,1019 252,1019 244,1022 235,1025 230,1022 220,1016 219,1016 218,1016 217,1016 207,1021 207,1050"/>
        <pc:Baseline points="207,1050 928,1055"/>
        <pc:TextEquiv index="0">
          <pc:Unicode>noch nicht zu erwarten war, hierauf Verzicht</pc:Unicode>
        </pc:TextEquiv>
      </pc:TextLine>
      <pc:TextLine id="eSc_line_1eec4c2f" custom="structure {type:default;}">
        <pc:Coords points="205,1103 205,1124 333,1114 347,1125 348,1126 349,1126 350,1126 351,1127 382,1127 382,1126 383,1126 387,1125 411,1116 424,1125 425,1126 426,1126 427,1126 428,1126 460,1125 523,1122 530,1125 536,1127 536,1127 537,1127 538,1127 542,1125 560,1116 579,1116 596,1125 597,1126 598,1126 599,1126 600,1126 600,1126 602,1125 620,1116 675,1116 715,1125 729,1128 730,1128 759,1127 760,1127 761,1127 763,1125 772,1118 784,1124 785,1124 786,1124 870,1118 877,1123 878,1123 879,1123 880,1123 881,1123 896,1119 905,1125 907,1128 908,1128 909,1128 910,1128 922,1125 923,1108 922,1081 901,1077 900,1077 899,1077 898,1077 894,1080 887,1086 876,1086 867,1080 863,1077 863,1077 862,1077 861,1077 860,1077 859,1077 855,1080 846,1086 778,1086 747,1078 729,1076 728,1076 727,1076 726,1076 722,1078 715,1083 707,1078 704,1076 703,1076 702,1076 662,1076 661,1076 649,1077 635,1080 627,1077 624,1077 623,1077 622,1077 621,1077 620,1077 608,1084 537,1084 528,1077 526,1075 526,1075 525,1075 524,1075 505,1076 450,1080 439,1076 436,1074 435,1074 380,1074 379,1074 378,1074 378,1074 377,1075 364,1083 347,1083 333,1077 332,1077 331,1077 294,1081 267,1073 265,1073 264,1073 263,1073 260,1073 231,1077 205,1073 205,1103"/>
        <pc:Baseline points="205,1103 923,1108"/>
        <pc:TextEquiv index="0">
          <pc:Unicode>thun. Schon hatten wir über jenen trau⸗</pc:Unicode>
        </pc:TextEquiv>
      </pc:TextLine>
      <pc:TextLine id="eSc_line_9a9b2d2d" custom="structure {type:default;}">
        <pc:Coords points="209,1156 208,1170 226,1183 227,1183 228,1183 229,1183 258,1177 288,1182 289,1182 290,1182 291,1182 306,1172 326,1171 372,1177 373,1177 374,1177 386,1172 403,1184 404,1184 405,1184 406,1184 407,1184 444,1172 465,1185 466,1185 467,1185 468,1186 509,1186 509,1185 510,1185 542,1172 562,1172 588,1181 589,1181 589,1181 621,1174 652,1186 653,1186 654,1186 655,1186 682,1180 799,1188 800,1189 835,1189 835,1188 836,1188 837,1188 857,1175 916,1175 917,1161 916,1139 849,1139 848,1138 824,1128 823,1128 822,1128 821,1128 821,1128 811,1134 800,1126 800,1126 799,1126 798,1126 797,1126 778,1134 756,1130 755,1130 754,1130 742,1137 740,1137 677,1125 586,1125 585,1125 584,1125 563,1136 561,1136 485,1136 484,1135 445,1123 444,1123 443,1123 411,1130 398,1123 397,1123 396,1123 361,1130 347,1123 347,1123 346,1123 345,1123 344,1123 330,1131 317,1125 316,1125 315,1125 315,1125 289,1133 276,1128 275,1128 274,1128 209,1132 209,1156"/>
        <pc:Baseline points="209,1156 917,1161"/>
        <pc:TextEquiv index="0">
          <pc:Unicode>rigen Betrachtungen u unſern hieſigen</pc:Unicode>
        </pc:TextEquiv>
      </pc:TextLine>
      <pc:TextLine id="eSc_line_d1186bb0" custom="structure {type:default;}">
        <pc:Coords points="208,1207 208,1224 268,1219 277,1225 283,1231 284,1231 284,1231 285,1231 316,1226 323,1225 324,1226 330,1231 331,1231 332,1231 381,1232 382,1232 383,1232 384,1232 390,1227 394,1224 401,1227 412,1231 413,1231 414,1231 415,1231 427,1227 446,1222 465,1228 469,1229 470,1229 471,1229 477,1228 490,1225 497,1228 511,1234 512,1234 572,1234 573,1234 574,1234 575,1234 583,1229 596,1223 637,1223 673,1228 673,1228 709,1224 735,1231 736,1231 736,1231 737,1231 764,1224 810,1224 831,1232 852,1238 852,1238 853,1238 854,1238 871,1233 887,1227 923,1233 925,1216 923,1188 909,1192 895,1187 889,1185 888,1185 831,1184 830,1184 829,1184 828,1184 825,1186 815,1193 783,1193 735,1193 725,1185 723,1183 722,1183 721,1183 720,1183 719,1183 715,1185 701,1191 682,1185 673,1182 673,1182 672,1182 671,1182 666,1184 657,1189 647,1184 641,1182 640,1182 639,1182 638,1182 630,1184 625,1185 604,1184 557,1181 557,1181 556,1181 545,1183 523,1189 503,1182 501,1182 500,1182 499,1182 493,1182 425,1188 378,1182 352,1178 351,1178 329,1181 288,1186 208,1180 208,1207"/>
        <pc:Baseline points="208,1207 925,1216"/>
        <pc:TextEquiv index="0">
          <pc:Unicode>Verrichtungen der hier u in der umliegen⸗</pc:Unicode>
        </pc:TextEquiv>
      </pc:TextLine>
      <pc:TextLine id="eSc_line_7cd32da2" custom="structure {type:default;}">
        <pc:Coords points="202,1261 201,1275 205,1277 206,1277 207,1277 208,1277 258,1276 274,1286 275,1286 276,1286 277,1287 359,1287 359,1286 360,1286 396,1275 414,1276 428,1287 429,1287 430,1287 431,1287 481,1287 481,1287 482,1287 483,1287 500,1275 546,1279 547,1279 599,1275 617,1280 618,1280 619,1280 620,1280 634,1275 665,1281 666,1281 700,1276 725,1288 726,1288 788,1289 789,1289 789,1289 790,1289 809,1277 815,1281 816,1281 817,1281 868,1276 875,1281 876,1281 877,1281 878,1281 933,1276 934,1266 933,1240 837,1243 821,1239 807,1236 806,1236 783,1239 773,1232 772,1232 771,1232 723,1232 722,1232 721,1232 704,1239 697,1243 668,1243 663,1239 652,1232 651,1232 650,1232 620,1231 619,1231 618,1231 600,1238 591,1231 590,1231 589,1231 552,1231 551,1231 506,1239 494,1241 482,1239 426,1230 425,1230 424,1230 393,1239 391,1240 349,1240 340,1239 284,1230 284,1230 283,1230 265,1236 242,1229 241,1229 240,1229 239,1229 202,1238 202,1261"/>
        <pc:Baseline points="202,1261 934,1266"/>
        <pc:TextEquiv index="0">
          <pc:Unicode>den Gegend noch fortdauernd graſſirenden</pc:Unicode>
        </pc:TextEquiv>
      </pc:TextLine>
      <pc:TextLine id="eSc_line_8d8b7caf" custom="structure {type:default;}">
        <pc:Coords points="210,1314 209,1341 235,1342 236,1342 237,1342 239,1341 266,1328 384,1328 401,1339 408,1344 409,1344 410,1344 410,1345 469,1345 469,1344 470,1344 471,1344 477,1339 487,1331 498,1339 509,1345 510,1345 511,1345 512,1346 531,1346 531,1345 532,1345 547,1338 555,1334 559,1338 568,1345 568,1345 569,1345 616,1346 617,1346 618,1346 634,1337 642,1332 669,1331 683,1336 711,1347 712,1347 713,1347 735,1342 740,1347 741,1347 742,1347 743,1347 778,1346 778,1346 804,1335 810,1332 815,1335 840,1347 841,1347 842,1347 842,1347 873,1334 875,1333 908,1333 910,1320 909,1288 891,1288 890,1288 889,1288 888,1288 873,1297 845,1297 831,1288 831,1287 830,1287 829,1287 810,1287 775,1287 774,1287 773,1287 772,1287 770,1288 757,1296 705,1296 694,1288 693,1287 692,1287 691,1287 673,1286 672,1286 642,1287 642,1287 641,1287 639,1288 632,1293 621,1288 610,1285 610,1285 609,1285 608,1285 599,1288 589,1292 573,1288 557,1285 556,1285 555,1285 554,1285 549,1288 542,1294 490,1294 477,1288 463,1284 463,1284 462,1284 461,1284 451,1288 441,1294 411,1294 403,1288 394,1283 393,1283 392,1283 391,1283 350,1288 326,1292 312,1288 290,1283 289,1283 288,1283 287,1283 272,1288 265,1291 256,1288 242,1285 241,1285 240,1285 210,1288 210,1314"/>
        <pc:Baseline points="210,1314 910,1320"/>
        <pc:TextEquiv index="0">
          <pc:Unicode>Epidemie beynahe gänzlich vergeſſen, u</pc:Unicode>
        </pc:TextEquiv>
      </pc:TextLine>
      <pc:TextLine id="eSc_line_140e86c7" custom="structure {type:default;}">
        <pc:Coords points="209,1369 210,1395 227,1387 319,1387 347,1397 354,1400 355,1400 431,1402 432,1402 433,1402 442,1399 469,1388 488,1399 494,1402 494,1402 495,1402 496,1403 542,1403 542,1402 543,1402 549,1400 558,1396 588,1401 604,1402 605,1402 616,1401 670,1390 738,1390 756,1402 757,1402 757,1402 796,1404 797,1404 798,1404 800,1403 809,1400 826,1402 827,1402 828,1402 829,1402 846,1391 861,1391 888,1402 889,1402 924,1404 926,1373 926,1346 854,1343 853,1343 852,1343 842,1346 817,1353 732,1353 724,1347 718,1342 717,1342 716,1342 715,1342 686,1347 684,1347 683,1347 635,1341 634,1341 633,1341 632,1341 623,1348 616,1352 585,1352 578,1348 571,1343 570,1343 569,1343 568,1343 547,1348 546,1348 545,1348 526,1344 526,1344 525,1344 512,1348 501,1351 457,1349 335,1339 334,1339 333,1339 311,1349 301,1345 300,1345 299,1345 209,1349 209,1369"/>
        <pc:Baseline points="209,1369 926,1373"/>
        <pc:TextEquiv index="0">
          <pc:Unicode>wenig deßhalb nachgefragt, als wir jetzt auf's</pc:Unicode>
        </pc:TextEquiv>
      </pc:TextLine>
      <pc:TextLine id="eSc_line_cdaf48bb" custom="structure {type:default;}">
        <pc:Coords points="823,1412 823,1414 823,1438 894,1439 894,1414 894,1397 870,1386 869,1386 851,1386 850,1386 849,1386 827,1395 823,1412"/>
        <pc:Baseline points="823,1414 894,1414"/>
        <pc:TextEquiv index="0">
          <pc:Unicode>neue</pc:Unicode>
        </pc:TextEquiv>
      </pc:TextLine>
    </pc:TextRegion>
  </pc:Page>
</pc:PcGts>
