1000 1643
136 136 190 188 144
218 131 901 189 Schreiben des Br. Verbeek, Philadelphia 1806.
212 198 920 259 tiefſten Frieden nur gewünſcht werden kon̅te. Den̅
210 253 894 316 2 Guernſey⸗Kaper, die ungefähr am Auſgange
207 306 925 368 des Canals nicht weit von uns geſehen u von unſerm
206 359 921 424 Capitain beſtim̅t für ſolche verkan̅t wurden, nahmen
208 414 932 476 gar keine Notiz von uns, u ſeitdem haben wir nichts
202 469 707 529 einem Kriegsſchiff ähnliches geſehen.
256 521 906 575 Jn Anſehung des Windes hatten wir nur bis
206 576 914 632 durch den Canal hindurch öſtlichen Wind, der uns
210 633 905 688 auch in 2 Tagen durch die Nordſee, u in wenig
207 683 912 743 längerer Zeit durch den Canal brachte. Von da
208 747 917 799 an hatten wir, mit Ausnahme von höchſtens an⸗
203 800 908 858 derthalb Tagen, weniger günſtige u etlichemal
202 846 930 911 nordweſtliche Winde, die mit ſolcher Heftigkeit blieſen,
200 907 915 961 daß nur 2 verkürzte kleine Segel gebraucht werden
201 958 924 1014 kon̅ten, u das Ruder feſtgebunden werden mußte.
198 1003 934 1074 Daß wir uns dabey u bey den öftern Windſtillen,
201 1061 887 1130 die wir dazwiſchen hatten, davon eine faſt 3 ½
203 1122 913 1184 Tage währte, doch ſchon am 19ten Juny bey den
197 1179 921 1226 Banks von Neufoundland befanden, war uns
202 1221 927 1289 allen wirklich zum Wunder; hingegen, deſto un⸗
202 1283 911 1337 erwarteter, daß unſre Reiſe von da an, unter
201 1337 914 1400 gleichen ungünſtigen Umſtänden, verhältnißmäßig
825 1392 893 1444 viel
