1000 1643
385 94 710 172 Wachauiſche
210 99 285 159 176.
281 174 842 240 No 10. des Erſten Theils der
352 233 828 300 Gemein⸗Nachrichten.
503 285 621 343 1806.
238 331 915 407 Aus den Berichten von Salem u. den
231 400 834 460 übrigen Gemeinen in der Wachau.
382 457 704 501 Vom Jahr 1805.
231 507 900 568 Zum Oſterfeſt hatten wir hier in Salem
229 568 912 627 ziemlich viele Fremde zu Zuhörern in un⸗
231 619 915 680 ſern Verſam̅lungen. Die Anzahl derſel⸗
229 675 905 731 ben war zwar nicht ſo groß, als in den
230 725 896 791 vorigen Jahren, u. belief ſich etwa auf
226 781 896 845 500, da ſehr viele durch das Gerücht, daß
230 835 873 896 die Blattern hier im Orte wären, ſich
230 888 909 951 hatten abhalten laſſen zu kom̅en. Allein
229 942 911 1006 wir hatten dagegen das Vergnügen, daß
230 1003 865 1059 ſie ſich nicht nur in den Verſam̅lungen,
226 1058 911 1119 ſondern auch außer denſelben durchgängig
225 1109 892 1171 ordentlich u. ſtille betrugen, welches wir
227 1162 905 1224 uns dieſmal in einem hier u. anderwärts
226 1222 894 1284 an öffentlichen Plätzen angeſchlagenen
224 1274 897 1333 Avertiſſement ausdrücklich ausgebeten
226 1328 888 1393 hatten. Die mehreſten waren diesmal
829 1375 905 1412 von
