1000 1642
87 109 748 162 Von Stockholm 1801, 1802 u 1803.
769 115 825 169 21.
76 189 785 259 er die Arriergarde com̅andirte. Er blieb bald
76 241 790 311 Anfangs mit ſeinem Schiffe allein übrig, indem
77 294 785 366 zwey Schwediſche Linienſchiffe im Feuer aufgin⸗
76 349 790 422 gen, u zwey andre auf den Grund geriethen.
84 405 784 476 Hierauf ſchlug er ſich den ganzen Tag mit drey
79 458 790 530 feindlichen Dreydeckern ſo lange, bis die Haupt⸗
78 514 775 578 flotte in Sicherheit war, da er ſich dan̅ bey
78 565 789 630 Anbruch der Nacht mit ſeinem völlig zu Grunde
80 623 781 689 gerichteten Schiffe der feindlichen Uebermacht
78 673 788 742 ergab. Er wurde darauf als Kriegsgefangener
81 728 793 795 nach Petersburg gebracht, wo er von der Kaiſerin
81 785 786 846 Catharina mit ausgezeichneter Achtung behandelt
84 839 786 903 wurde. Jn dem letzten Gefecht hatte er zwey
84 890 791 956 Contuſionen, die eine am linken Arm, die
86 944 794 1008 andere am Kopfe erhalten; u die letztere war
87 991 797 1064 Urſache, daß er von Zeit zu Zeit bis an ſein
88 1051 797 1111 Ende wiederholte Anfälle von Schwindel u an⸗
86 1105 812 1166 dern Nervenübeln zu erdulden hatte. Nachdem
88 1157 802 1216 er in ſein Vaterland zurückgekehrt war, be⸗
93 1209 793 1270 kam er mancherley Widerwärtigkeiten zu er⸗
90 1264 796 1325 dulden, die für ſeine Seele, wie für ſeine
93 1309 795 1382 leibliche Geſundheit gleich angreifend waren.
741 1351 780 1418 Er
