1000 1642
202 101 890 188 260.   Br. Gregors Beſuch auf den
254 185 930 249 grünte u. prangte im lieblichſten Blu⸗
250 241 930 306 menflor. Wegen der ausgetretenen
250 297 930 361 Wolga mußten wir uns auf der Höhe die⸗
250 349 913 417 ſer Steppe halten, u. paſſirten eben
248 405 947 469 darum keine Ortſchaften, bis wir zu den
250 458 905 523 Colonien gelangten; daher wir unſre
249 518 907 582 Lagerplätze unter freyem Him̅el an
249 573 942 635 Quellen u. kleinen Flüſſen nahmen. Nach
249 634 932 689 4 kurzen Tagereiſen kamen wir am 5t
250 678 899 744 ſpät Abends zu der am Lawta-Fluß
248 737 943 800 ſehr anmuthig gelegenen Mühle der Frau
248 790 935 852 v. Pasor, welche ich, ſo wir ihren ſel. Man̅,
248 840 912 901 den HE. Oberſtlieutenant v. Pasor, vor
245 894 884 958 21 Jahren in Kamüschin, woſelbſt er
250 949 932 1015 Com̅andant war, hatte ken̅enlernen. Da
246 1008 934 1068 wir am folgenden Tag Lesnoikaramisch
249 1062 934 1129 zu erreichen wünſchten; ſo kehrte ich nach
245 1121 909 1181 einem Beſuch von ein paar Stunden bey
245 1172 933 1238 erwähnter Frau v. Pasor, von welcher
246 1226 932 1301 ich ſehr freundſchaftlich empfangen wur⸗
244 1287 936 1349 de, wieder zu meinem Reiſewagen zurück,
244 1338 930 1403 um nach einer kurzen Ruhe ſogleich weiter
865 1378 927 1434 fah⸗
