<?xml version="1.0" encoding="utf-8"?>
<pc:PcGts xmlns:pc="http://schema.primaresearch.org/PAGE/gts/pagecontent/2019-07-15" xmlns:xsi="http://www.w3.org/2001/XMLSchema-instance" xsi:schemaLocation="http://schema.primaresearch.org/PAGE/gts/pagecontent/2019-07-15 http://schema.primaresearch.org/PAGE/gts/pagecontent/2019-07-15/pagecontent.xsd" pcGtsId="GT-OCR-GN_1806_1__GN.A.351__46_4d281">
  <pc:Metadata externalRef="https://images.iiif.slub-dresden.de/iiif/2/data%2Fkitodo%2FNachaudeB_1745047107_1806_1%2FNachaudeB_1745047107_1806_1_tif%2Fjpegs%2F00000047.tif.medium.jpg/full/full/0/default.jpg">
    <pc:Creator>escriptorium</pc:Creator>
    <pc:Created>2024-01-26T14:55:54.035946Z</pc:Created>
    <pc:LastChange>2024-01-26T14:55:54.035958Z</pc:LastChange>
    <pc:MetadataItem type="processingStep" name="recognition/post-correction" value="ocrd-cor-asv-ann-join">
      <pc:Labels externalModel="ocrd-tool" externalId="parameters">
        <pc:Label value="False" type="add-filegrp-comments"/>
      </pc:Labels>
      <pc:Labels externalModel="ocrd-tool" externalId="version">
        <pc:Label value="0.1.14" type="ocrd-cor-asv-ann-join"/>
        <pc:Label value="2.60.2.dev0+gac1f15b3.d20240125" type="ocrd/core"/>
      </pc:Labels>
    </pc:MetadataItem>
  </pc:Metadata>
  <pc:Page imageFilename="46_4d281_default.jpg" imageWidth="1000" imageHeight="1642">
    <pc:TextRegion id="eSc_textblock_0800e395" custom="structure {type:text;}">
      <pc:Coords points="827,131 827,166 791,197 798,933 783,1228 798,1414 704,1414 674,1385 557,1378 80,1382 58,255 80,196 76,138 93,124"/>
      <pc:TextLine id="eSc_line_26beb7a6" custom="structure {type:default;}">
        <pc:Coords points="727,129 713,129 700,129 686,129 672,128 658,128 645,128 631,128 617,128 604,128 590,128 576,128 563,128 549,128 535,128 521,127 508,127 494,127 480,127 467,127 453,127 439,127 426,127 412,127 398,127 384,127 379,125 86,127 83,129 84,158 84,175 742,166 743,154 739,129 727,129"/>
        <pc:Baseline points="85,160 745,155"/>
        <pc:TextEquiv index="0">
          <pc:Unicode>Von Stockholm 1801, 1802 u 1803.</pc:Unicode>
        </pc:TextEquiv>
      </pc:TextLine>
      <pc:TextLine id="eSc_line_ffb00a75">
        <pc:Coords points="813,129 800,129 786,129 772,129 758,129 758,153 758,169 816,180 817,153 817,129 813,129"/>
        <pc:Baseline points="759,154 819,154"/>
        <pc:TextEquiv index="0">
          <pc:Unicode>43.</pc:Unicode>
        </pc:TextEquiv>
      </pc:TextLine>
      <pc:TextLine id="eSc_line_e6ec317b" custom="structure {type:default;}">
        <pc:Coords points="69,224 70,250 70,271 85,271 86,271 87,271 104,258 156,270 157,270 158,270 187,255 207,255 229,260 230,260 231,260 232,260 258,254 307,266 309,266 310,266 333,265 333,265 360,252 375,264 376,264 377,264 378,264 398,263 399,263 426,250 489,250 502,260 503,260 504,260 505,260 506,260 507,260 523,246 552,245 614,245 646,256 649,257 650,257 651,257 767,252 768,234 765,207 721,208 719,208 693,198 692,198 691,198 690,198 669,209 667,209 626,204 625,204 572,209 552,202 552,202 551,202 509,204 508,204 481,214 479,216 437,216 437,215 421,207 420,207 419,207 418,207 385,216 358,207 357,207 356,207 312,218 304,220 246,220 242,219 222,214 221,214 220,214 171,218 139,213 138,213 110,214 109,214 108,214 108,215 100,222 83,217 82,217 81,217 80,217 69,222 69,224"/>
        <pc:Baseline points="70,250 564,236 768,234"/>
        <pc:TextEquiv index="0">
          <pc:Unicode>ſo wurde am erſten Juni mit 5 Kindern unſrer</pc:Unicode>
        </pc:TextEquiv>
      </pc:TextLine>
      <pc:TextLine id="eSc_line_e03958e4" custom="structure {type:default;}">
        <pc:Coords points="70,299 70,324 123,324 123,323 124,323 125,323 125,322 135,315 144,322 145,322 145,322 146,323 165,323 165,322 166,322 166,322 188,308 206,308 229,318 229,318 230,318 231,318 232,318 251,306 292,306 319,320 320,320 321,320 322,321 336,321 336,320 337,320 338,320 364,307 382,310 383,310 384,310 385,310 394,304 416,309 416,309 572,301 585,311 586,311 587,311 604,315 608,315 609,315 635,314 636,314 637,314 654,301 687,313 687,313 688,313 772,311 772,287 770,267 745,260 744,260 683,267 666,256 665,256 664,256 663,256 524,269 501,270 495,269 475,263 474,263 473,263 472,263 471,263 464,270 462,271 413,271 409,270 396,264 395,264 340,261 339,261 338,261 310,270 309,270 282,263 281,263 281,263 231,264 230,264 217,271 209,276 193,276 188,271 180,265 179,265 178,265 177,265 125,267 125,267 112,272 102,277 69,273 70,299"/>
        <pc:Baseline points="70,299 772,287"/>
        <pc:TextEquiv index="0">
          <pc:Unicode>Geſchwiſter die Schule im Namen Jesu angefan⸗</pc:Unicode>
        </pc:TextEquiv>
      </pc:TextLine>
      <pc:TextLine id="eSc_line_56dc3c94" custom="structure {type:default;}">
        <pc:Coords points="72,356 73,380 114,365 121,371 122,371 123,371 124,371 125,371 125,371 133,364 181,363 206,374 209,376 210,376 211,376 239,375 239,375 240,375 242,374 257,362 276,368 277,368 278,368 279,368 295,363 310,367 311,367 312,367 312,367 313,367 324,360 348,366 349,366 350,366 351,366 374,358 437,357 461,364 470,367 471,367 472,367 473,367 480,363 490,359 497,363 503,368 504,368 505,368 506,369 525,369 525,368 526,368 539,362 551,355 568,360 589,366 590,366 591,366 637,364 638,364 653,357 655,356 660,356 718,363 719,363 770,352 770,338 769,316 749,312 748,312 747,312 733,317 731,317 729,317 715,311 714,311 713,311 712,311 691,318 685,321 617,322 614,320 604,312 604,312 603,312 602,312 601,312 600,312 590,321 587,322 572,321 525,316 524,316 523,316 503,323 498,324 492,323 455,314 454,314 355,318 354,318 330,326 318,320 317,320 316,320 315,320 303,326 283,319 282,319 281,319 255,320 254,320 253,320 253,321 243,329 211,321 210,321 209,321 208,321 187,332 184,333 132,334 129,333 116,327 115,327 114,327 114,327 98,334 94,335 72,335 72,356"/>
        <pc:Baseline points="72,356 770,338"/>
        <pc:TextEquiv index="0">
          <pc:Unicode>gen. Bey einem Liebesmahle, bey welchem</pc:Unicode>
        </pc:TextEquiv>
      </pc:TextLine>
      <pc:TextLine id="eSc_line_4e4c4b64" custom="structure {type:default;}">
        <pc:Coords points="72,419 121,419 123,420 135,429 135,429 136,429 137,430 153,430 153,429 181,428 182,428 201,419 204,418 228,419 264,420 265,420 266,420 270,418 279,413 419,411 431,416 432,416 433,416 434,416 452,410 467,416 468,416 468,416 469,416 475,416 530,411 541,415 552,420 552,420 553,420 584,415 611,411 619,415 626,418 627,418 628,418 701,416 702,416 713,414 734,408 742,414 745,415 746,415 747,415 748,415 770,413 770,394 768,369 710,371 707,369 699,363 698,363 697,363 675,362 674,362 673,362 656,370 651,372 646,370 639,367 638,367 637,367 605,370 561,374 553,371 542,364 541,364 541,364 510,369 487,365 486,365 485,365 484,365 478,372 471,377 423,377 410,372 400,368 399,368 361,368 360,368 359,368 358,368 353,373 350,375 339,373 322,369 321,369 320,369 312,373 304,376 284,374 278,373 277,373 276,373 273,374 250,381 225,377 224,377 223,377 206,382 196,374 196,374 195,374 194,374 168,374 167,374 166,374 166,374 165,374 150,384 135,374 132,374 131,374 130,374 91,374 90,374 89,374 88,375 81,381 72,375 72,409 72,419"/>
        <pc:Baseline points="72,409 770,394"/>
        <pc:TextEquiv index="0">
          <pc:Unicode>die Eltern der Kinder u einige Gehülfen⸗</pc:Unicode>
        </pc:TextEquiv>
      </pc:TextLine>
      <pc:TextLine id="eSc_line_596a5c48" custom="structure {type:default;}">
        <pc:Coords points="72,462 72,478 137,476 143,478 156,484 156,484 157,484 287,482 288,482 312,475 327,470 362,473 389,476 390,476 391,476 392,476 395,473 400,468 410,472 421,477 422,477 423,477 424,477 437,472 446,479 447,479 447,479 448,479 489,470 503,467 515,470 547,477 548,477 549,477 550,477 562,469 562,468 565,468 577,471 578,471 593,468 612,465 629,467 655,471 656,471 656,471 670,467 678,464 687,466 717,475 718,475 718,475 719,475 720,475 729,467 750,471 750,471 751,471 773,464 773,450 770,417 715,418 714,418 713,418 701,427 663,419 662,419 661,419 660,419 635,428 609,423 608,423 607,423 606,423 606,424 599,429 562,421 560,421 559,421 552,421 446,432 416,424 414,424 413,424 412,424 411,424 410,424 391,433 343,428 343,428 342,428 341,428 336,432 326,426 325,426 324,426 323,426 320,426 267,436 250,436 237,427 236,426 235,426 234,426 233,426 232,426 229,427 204,436 194,428 193,427 192,427 191,427 190,427 176,428 94,437 71,431 72,462"/>
        <pc:Baseline points="72,462 773,450"/>
        <pc:TextEquiv index="0">
          <pc:Unicode>brüder zugegen waren, wurden die Schul⸗</pc:Unicode>
        </pc:TextEquiv>
      </pc:TextLine>
      <pc:TextLine id="eSc_line_21fb0c10" custom="structure {type:default;}">
        <pc:Coords points="73,517 74,539 115,527 190,537 196,537 197,537 209,536 218,535 218,535 239,524 311,524 323,532 324,532 325,532 326,532 327,532 343,525 445,519 485,528 486,528 487,528 523,519 567,529 568,529 569,529 570,529 610,518 646,525 647,525 648,525 649,525 661,515 700,525 701,525 702,525 775,524 776,501 774,479 740,471 739,471 739,471 738,471 728,480 727,480 711,480 604,478 604,478 603,478 602,478 595,483 594,484 539,484 538,484 516,478 515,478 454,478 453,478 452,478 429,487 427,487 425,487 396,481 395,481 395,481 394,481 385,488 385,488 372,488 271,485 270,485 243,490 238,491 236,490 221,483 220,483 198,483 197,483 82,488 81,488 80,488 72,491 73,517"/>
        <pc:Baseline points="73,517 776,501"/>
        <pc:TextEquiv index="0">
          <pc:Unicode>ordnungen nebſt dem Lectionsplan vorgele⸗</pc:Unicode>
        </pc:TextEquiv>
      </pc:TextLine>
      <pc:TextLine id="eSc_line_3f34ba5e" custom="structure {type:default;}">
        <pc:Coords points="72,571 73,595 111,581 131,593 132,593 133,593 134,594 150,594 150,593 151,593 156,592 201,579 245,588 255,590 256,590 257,590 262,587 285,577 320,585 338,589 339,589 340,589 341,589 348,583 353,580 357,583 358,583 359,583 360,583 361,583 362,583 386,574 410,574 431,581 451,586 452,586 453,586 454,586 455,586 464,579 474,571 523,571 535,576 543,579 544,579 618,582 619,582 620,582 621,582 634,573 651,581 652,581 653,581 696,581 697,581 697,581 714,571 776,565 777,555 775,534 743,526 742,526 741,526 740,526 730,534 710,529 709,529 708,529 708,529 689,536 675,527 674,527 673,527 656,527 655,527 590,532 578,529 577,529 576,529 575,529 558,538 539,530 538,530 537,530 536,530 516,539 486,532 485,532 484,532 459,541 458,541 454,541 398,534 397,534 396,534 395,534 385,542 343,540 343,540 342,540 341,540 336,544 335,544 323,544 282,544 272,536 271,536 270,536 270,536 269,536 268,536 252,545 243,540 242,540 241,540 240,540 224,547 223,547 222,547 187,538 186,538 185,538 184,538 162,548 95,540 94,540 93,540 72,549 72,571"/>
        <pc:Baseline points="72,571 777,555"/>
        <pc:TextEquiv index="0">
          <pc:Unicode>ſen, u nach einer kurzen Vermahnungsrede</pc:Unicode>
        </pc:TextEquiv>
      </pc:TextLine>
      <pc:TextLine id="eSc_line_bf37af66" custom="structure {type:default;}">
        <pc:Coords points="71,625 71,633 176,640 177,640 177,640 201,633 205,632 206,633 211,637 212,637 213,637 256,638 257,638 258,638 281,632 293,629 300,632 303,633 304,633 305,633 325,632 369,627 401,631 430,634 431,634 432,634 433,634 438,631 447,626 496,630 529,633 530,633 556,630 620,622 673,629 679,629 680,629 681,629 682,629 682,628 697,620 728,628 729,628 729,628 730,628 781,627 781,610 778,587 737,587 721,581 720,581 719,581 672,585 653,577 652,577 651,577 650,577 649,577 635,589 620,584 619,584 618,584 617,584 603,591 601,591 600,591 569,581 568,581 567,581 566,581 537,591 528,584 527,584 526,584 525,584 481,593 478,594 444,594 437,594 416,582 415,582 414,582 357,583 328,585 327,585 326,585 309,597 308,597 302,597 192,587 191,587 157,588 156,588 156,588 141,601 140,601 116,592 115,592 114,592 114,592 113,592 102,600 70,602 71,625"/>
        <pc:Baseline points="71,625 781,610"/>
        <pc:TextEquiv index="0">
          <pc:Unicode>an die Kinder wurde der Heiland in einem</pc:Unicode>
        </pc:TextEquiv>
      </pc:TextLine>
      <pc:TextLine id="eSc_line_04354b2f" custom="structure {type:default;}">
        <pc:Coords points="76,680 76,697 123,690 147,696 148,696 149,696 150,696 151,696 152,696 172,685 199,694 200,694 201,694 202,694 229,684 253,693 255,694 256,694 257,694 258,694 259,694 259,693 267,685 285,692 287,693 288,693 289,693 290,693 292,692 316,682 372,680 402,688 407,690 408,690 409,690 410,690 416,688 447,678 474,686 481,688 482,688 483,688 506,687 507,687 508,687 510,685 523,676 546,684 551,685 552,685 552,685 553,685 554,685 556,684 566,677 593,681 593,681 594,681 595,681 604,675 700,679 708,679 709,679 715,679 745,675 750,677 757,681 758,681 759,681 779,676 780,663 777,641 717,641 698,630 697,630 697,630 696,630 695,630 663,642 639,631 638,631 637,631 636,631 614,641 572,641 558,633 557,633 556,633 480,634 479,634 439,648 438,648 401,640 400,640 399,640 371,650 370,650 368,650 328,644 327,644 294,652 293,652 292,652 271,644 270,644 270,644 214,652 185,643 184,643 183,643 146,648 128,644 127,644 126,644 125,644 75,656 76,680"/>
        <pc:Baseline points="76,680 780,663"/>
        <pc:TextEquiv index="0">
          <pc:Unicode>Gebet im Namen der Lehrenden u Lernen⸗</pc:Unicode>
        </pc:TextEquiv>
      </pc:TextLine>
      <pc:TextLine id="eSc_line_8e2e1b07" custom="structure {type:default;}">
        <pc:Coords points="72,733 72,744 88,751 89,751 90,751 91,751 114,744 129,739 159,739 167,743 174,748 175,748 176,748 177,748 201,743 229,737 244,743 250,745 251,745 252,745 253,745 262,742 275,739 332,739 337,742 351,749 352,749 353,749 406,748 406,748 407,748 419,741 421,740 428,741 476,748 477,748 494,747 495,747 508,740 524,732 549,732 563,740 575,746 576,746 577,746 578,746 602,739 637,730 675,737 676,737 701,733 709,738 715,743 716,743 717,743 718,743 781,737 781,720 779,694 731,688 730,688 729,688 712,695 702,698 672,696 647,694 646,694 628,696 610,700 606,697 602,694 601,694 600,694 599,694 560,698 551,699 543,699 497,693 496,693 442,701 424,704 412,702 375,695 375,695 374,695 373,695 364,703 361,706 322,706 309,704 255,697 254,697 253,697 227,706 221,707 215,706 172,698 171,698 72,709 72,733"/>
        <pc:Baseline points="72,733 781,720"/>
        <pc:TextEquiv index="0">
          <pc:Unicode>den um Seinen Segen zu dieſer Einrichtung</pc:Unicode>
        </pc:TextEquiv>
      </pc:TextLine>
      <pc:TextLine id="eSc_line_3c84298e" custom="structure {type:default;}">
        <pc:Coords points="79,784 80,807 95,800 104,806 104,806 105,806 106,807 137,807 137,806 138,806 140,805 165,794 237,799 238,799 292,792 315,798 316,798 317,798 364,791 375,799 378,801 379,801 380,801 381,802 418,802 418,801 419,801 420,801 425,797 435,789 472,796 486,798 487,798 488,798 494,795 509,789 541,789 551,793 560,799 561,799 562,799 562,799 576,793 603,796 604,796 604,796 605,796 605,795 610,791 614,789 629,791 657,796 658,796 686,789 690,789 692,789 704,797 705,797 706,797 707,797 738,796 739,796 739,796 747,790 760,796 761,796 762,796 763,796 780,787 780,773 778,744 745,744 744,744 743,744 741,744 718,753 688,748 687,748 644,752 617,748 607,746 606,746 605,746 604,746 603,748 595,752 573,748 563,747 562,747 562,747 554,748 530,756 478,750 472,750 471,750 470,750 468,750 451,757 434,751 432,751 431,751 430,751 427,752 409,756 399,752 391,749 390,749 389,749 388,749 387,749 383,753 376,757 367,753 364,752 364,752 363,752 362,752 358,753 342,759 279,759 271,756 271,755 270,755 270,755 269,755 263,756 239,760 231,757 223,752 222,752 195,752 194,752 158,753 157,753 145,758 135,762 78,760 79,784"/>
        <pc:Baseline points="79,784 780,773"/>
        <pc:TextEquiv index="0">
          <pc:Unicode>angerufen. Ein beſonderes Jntereſſe erhielt</pc:Unicode>
        </pc:TextEquiv>
      </pc:TextLine>
      <pc:TextLine id="eSc_line_edd83f13" custom="structure {type:default;}">
        <pc:Coords points="78,838 78,852 101,863 102,863 103,864 126,864 126,863 127,863 128,863 148,852 174,862 175,862 176,862 225,862 226,862 227,862 247,850 299,852 300,852 330,848 333,848 336,848 395,858 396,858 397,858 398,858 411,847 420,847 437,846 438,847 451,857 452,857 453,857 454,858 470,858 470,857 471,857 496,846 498,845 500,846 533,853 534,853 535,853 554,849 567,855 568,855 569,855 609,854 610,854 611,854 626,844 628,843 651,843 652,843 674,852 675,852 676,852 677,852 709,842 717,841 724,842 733,845 734,845 735,845 766,841 766,825 764,801 738,798 737,798 672,802 636,805 633,803 627,800 626,800 625,800 602,804 586,806 583,804 572,799 571,799 570,799 538,804 521,800 520,800 520,800 519,800 518,800 510,805 507,808 498,806 485,802 484,802 483,802 482,802 474,806 469,809 415,810 400,807 371,802 370,802 321,804 320,804 319,804 313,809 309,811 281,810 224,805 223,805 191,810 173,815 149,815 145,811 139,807 138,807 137,807 136,807 135,807 114,812 104,815 100,812 94,809 93,809 93,809 92,809 91,809 77,812 78,838"/>
        <pc:Baseline points="78,838 766,825"/>
        <pc:TextEquiv index="0">
          <pc:Unicode>dieſe Zusam̅enkunft noch dadurch, daß der</pc:Unicode>
        </pc:TextEquiv>
      </pc:TextLine>
      <pc:TextLine id="eSc_line_ce40a2c9" custom="structure {type:default;}">
        <pc:Coords points="77,892 77,905 103,903 112,906 131,914 132,914 133,915 159,915 159,914 239,912 239,912 240,912 249,904 267,912 268,912 269,912 270,912 290,904 303,898 315,903 316,903 317,903 318,903 329,898 336,903 345,910 346,910 347,910 348,911 367,911 367,910 368,910 390,902 410,895 444,902 447,902 448,902 449,902 450,902 460,895 474,901 477,902 478,902 479,903 479,902 479,902 482,901 501,893 520,900 533,905 534,905 535,906 553,906 553,905 554,905 569,900 590,892 607,895 608,895 690,890 706,897 715,902 716,902 717,902 733,901 734,901 735,901 739,897 744,893 757,897 769,901 770,901 770,901 771,901 782,896 782,876 781,855 697,849 697,849 696,849 695,849 686,857 666,850 666,850 665,850 664,850 663,850 654,858 653,859 640,859 638,858 615,851 614,851 614,851 537,860 531,861 527,861 490,853 489,853 412,863 406,863 404,863 384,857 383,857 382,857 333,864 295,858 294,858 293,858 270,866 270,867 250,867 238,867 225,860 224,860 223,860 222,860 221,860 211,867 167,862 166,862 166,862 165,862 156,869 155,870 137,870 136,869 125,862 124,862 123,862 122,862 109,869 96,862 95,862 94,862 93,862 76,869 77,892"/>
        <pc:Baseline points="77,892 782,876"/>
        <pc:TextEquiv index="0">
          <pc:Unicode>dabey gegenwärtige Bruder, Advocat Fiscal</pc:Unicode>
        </pc:TextEquiv>
      </pc:TextLine>
      <pc:TextLine id="eSc_line_6559c687" custom="structure {type:default;}">
        <pc:Coords points="79,947 79,959 135,957 143,960 153,963 154,963 155,963 156,963 156,963 161,959 166,956 179,959 208,966 209,966 210,966 225,958 230,956 239,958 262,964 263,964 348,957 358,956 359,956 365,962 366,962 367,962 368,962 409,961 410,961 427,956 448,949 465,956 474,959 475,959 476,959 521,958 554,956 555,956 561,955 578,946 603,954 610,956 611,956 612,956 613,956 617,954 626,948 651,951 652,951 653,951 674,944 708,947 708,947 742,942 779,951 781,930 777,900 760,907 743,901 742,901 706,901 705,901 704,901 702,902 683,913 656,913 644,904 643,904 642,904 633,904 615,904 614,904 614,904 613,904 583,914 524,905 520,905 520,905 519,905 517,905 481,917 415,912 414,912 413,912 395,919 368,910 367,910 366,910 365,910 347,919 331,914 330,914 329,914 328,914 327,914 318,921 307,912 306,912 305,912 304,912 303,912 302,912 289,921 224,924 191,916 190,916 189,916 166,924 142,924 132,915 131,915 130,915 129,915 77,915 79,947"/>
        <pc:Baseline points="79,947 781,930"/>
        <pc:TextEquiv index="0">
          <pc:Unicode>Ekman̅, welcher noch im hohen Alter mit all⸗</pc:Unicode>
        </pc:TextEquiv>
      </pc:TextLine>
      <pc:TextLine id="eSc_line_9b7b890c" custom="structure {type:default;}">
        <pc:Coords points="84,999 85,1020 110,1012 183,1016 184,1016 223,1008 279,1014 282,1014 283,1014 284,1014 285,1014 300,1006 322,1006 333,1012 337,1016 338,1016 339,1016 340,1017 359,1017 359,1016 404,1015 405,1015 406,1015 406,1014 411,1009 413,1008 415,1009 422,1014 423,1014 424,1014 425,1014 468,1008 526,1012 527,1012 528,1012 529,1012 537,1005 540,1004 547,1005 563,1007 564,1007 565,1007 566,1007 570,1004 574,1001 588,1003 626,1010 627,1010 628,1010 629,1010 629,1009 637,1003 660,1007 661,1007 662,1007 677,1000 682,998 686,1000 694,1004 695,1004 696,1004 774,997 774,986 772,964 593,959 592,959 556,967 555,967 519,961 518,961 517,961 516,961 507,968 478,966 477,966 455,969 449,970 437,970 313,965 312,965 273,966 272,966 271,966 263,971 237,966 236,966 235,966 213,975 211,975 209,975 175,967 174,967 173,967 158,976 156,976 83,976 84,999"/>
        <pc:Baseline points="84,999 774,986"/>
        <pc:TextEquiv index="0">
          <pc:Unicode>gemeiner u ausgezeichneter Legitimation</pc:Unicode>
        </pc:TextEquiv>
      </pc:TextLine>
      <pc:TextLine id="eSc_line_91371427" custom="structure {type:default;}">
        <pc:Coords points="83,1056 85,1080 101,1069 140,1072 141,1072 142,1072 156,1067 189,1077 190,1077 191,1077 192,1077 246,1076 247,1076 248,1076 249,1075 263,1064 312,1073 321,1074 322,1074 322,1074 327,1072 363,1060 383,1063 384,1063 444,1058 464,1068 467,1070 468,1070 468,1070 487,1070 487,1070 488,1070 489,1070 489,1069 490,1068 498,1061 523,1061 524,1061 525,1061 526,1061 526,1060 532,1055 555,1065 559,1067 560,1067 561,1068 593,1068 593,1067 593,1067 601,1064 627,1051 670,1051 687,1060 687,1060 696,1060 721,1063 722,1063 723,1063 724,1063 729,1060 743,1050 761,1059 763,1038 760,1015 719,1016 718,1016 698,1008 697,1008 697,1008 696,1008 695,1008 695,1009 687,1016 614,1011 614,1011 542,1020 541,1020 539,1020 500,1015 499,1015 498,1015 497,1015 487,1022 486,1023 465,1023 459,1023 451,1017 450,1017 449,1017 448,1017 410,1024 409,1024 408,1024 388,1017 387,1017 386,1017 385,1017 358,1025 319,1019 318,1019 220,1021 219,1021 202,1029 202,1030 197,1030 119,1031 94,1025 93,1025 93,1025 92,1025 91,1025 83,1030 83,1056"/>
        <pc:Baseline points="83,1056 763,1038"/>
        <pc:TextEquiv index="0">
          <pc:Unicode>ſeine Geſchäftigkeit im juriſtiſchen Fache</pc:Unicode>
        </pc:TextEquiv>
      </pc:TextLine>
      <pc:TextLine id="eSc_line_6f0e4493" custom="structure {type:default;}">
        <pc:Coords points="84,1110 84,1132 118,1126 127,1132 133,1137 134,1137 135,1137 135,1137 244,1134 267,1132 268,1132 269,1132 271,1130 279,1123 293,1127 294,1127 295,1127 296,1127 297,1127 311,1117 336,1117 352,1128 355,1131 356,1131 357,1131 358,1132 373,1132 373,1131 374,1131 385,1127 403,1121 408,1124 409,1124 410,1124 411,1124 412,1124 423,1119 435,1125 436,1125 437,1125 437,1125 461,1112 512,1111 531,1121 531,1121 532,1121 562,1119 578,1122 583,1124 584,1124 585,1124 586,1124 587,1124 589,1122 609,1109 708,1111 708,1111 709,1111 725,1105 759,1118 760,1118 760,1119 779,1119 779,1091 776,1067 738,1070 728,1068 708,1063 708,1063 663,1064 662,1064 652,1070 648,1071 581,1074 574,1070 567,1067 566,1067 565,1067 564,1067 548,1071 531,1076 481,1073 437,1070 437,1070 436,1070 428,1074 418,1080 301,1082 275,1078 274,1078 273,1078 272,1078 260,1082 251,1078 246,1076 245,1076 244,1076 227,1079 209,1081 178,1080 156,1079 156,1079 155,1079 149,1080 131,1087 83,1082 84,1110"/>
        <pc:Baseline points="84,1110 344,1106 779,1091"/>
        <pc:TextEquiv index="0">
          <pc:Unicode>fortſetzt, ſich mit gerührtem Herzen erin̅erte,</pc:Unicode>
        </pc:TextEquiv>
      </pc:TextLine>
      <pc:TextLine id="eSc_line_a629db6d" custom="structure {type:default;}">
        <pc:Coords points="83,1160 83,1170 141,1170 150,1175 151,1175 152,1175 153,1175 174,1171 196,1181 197,1181 197,1181 260,1171 312,1175 313,1175 314,1175 315,1175 315,1174 324,1167 343,1173 343,1173 344,1173 345,1173 346,1173 356,1164 387,1164 409,1175 410,1175 411,1175 454,1174 455,1174 456,1174 472,1163 493,1162 507,1171 508,1171 509,1171 545,1173 546,1173 547,1173 585,1158 656,1158 673,1169 674,1169 675,1169 676,1170 700,1170 700,1169 739,1168 739,1168 778,1153 778,1143 776,1125 750,1124 740,1117 739,1117 739,1117 656,1117 655,1117 654,1117 635,1125 626,1122 625,1122 625,1122 624,1122 623,1122 614,1128 584,1129 568,1130 564,1130 500,1121 500,1121 499,1121 478,1132 437,1122 437,1122 436,1122 435,1122 425,1129 401,1125 400,1125 350,1135 346,1135 344,1135 317,1126 316,1126 315,1126 271,1137 268,1137 259,1137 189,1133 188,1133 132,1140 130,1140 129,1140 111,1134 110,1134 109,1134 108,1134 107,1134 100,1141 99,1142 82,1142 83,1160"/>
        <pc:Baseline points="83,1160 778,1143"/>
        <pc:TextEquiv index="0">
          <pc:Unicode>wie er gerade an dieſem Tage vor 67 Jahren</pc:Unicode>
        </pc:TextEquiv>
      </pc:TextLine>
      <pc:TextLine id="eSc_line_a8dfd95a" custom="structure {type:default;}">
        <pc:Coords points="83,1213 83,1233 97,1226 144,1231 150,1231 151,1231 152,1231 153,1231 153,1230 162,1223 199,1223 226,1228 252,1233 253,1233 278,1232 279,1232 291,1226 295,1224 298,1226 311,1231 312,1231 312,1232 336,1232 336,1231 337,1231 352,1224 354,1222 355,1224 363,1229 364,1229 364,1229 365,1230 409,1230 409,1229 410,1229 411,1229 423,1221 431,1226 432,1226 433,1226 434,1226 435,1226 452,1222 481,1227 482,1227 483,1227 510,1218 520,1215 533,1217 572,1225 573,1225 574,1225 595,1215 601,1213 606,1215 614,1216 614,1216 615,1216 654,1213 675,1211 678,1212 698,1220 699,1220 726,1221 727,1221 728,1221 729,1221 743,1210 745,1209 772,1209 773,1195 771,1171 722,1169 706,1162 705,1162 704,1162 703,1162 684,1170 646,1163 645,1163 564,1165 563,1165 541,1174 535,1176 505,1177 484,1174 445,1168 444,1168 443,1168 442,1168 433,1174 426,1180 370,1180 347,1176 327,1173 326,1173 325,1173 311,1176 286,1184 273,1184 265,1177 262,1174 261,1174 260,1174 260,1174 259,1174 248,1177 240,1179 234,1177 226,1175 225,1175 224,1175 223,1175 222,1175 219,1178 208,1185 191,1185 180,1178 176,1175 175,1175 174,1175 150,1175 149,1175 148,1175 141,1179 125,1185 82,1180 83,1213"/>
        <pc:Baseline points="83,1213 773,1195"/>
        <pc:TextEquiv index="0">
          <pc:Unicode>ſeinen Schulgang angefangen habe. Dieſer</pc:Unicode>
        </pc:TextEquiv>
      </pc:TextLine>
      <pc:TextLine id="eSc_line_ff6bd5a4" custom="structure {type:default;}">
        <pc:Coords points="84,1263 84,1276 123,1283 124,1283 145,1282 146,1282 147,1282 160,1275 165,1271 169,1274 173,1278 174,1278 175,1278 176,1278 177,1278 186,1274 194,1271 208,1274 244,1280 245,1280 281,1272 297,1268 309,1271 316,1273 317,1273 318,1273 319,1273 326,1271 339,1267 353,1270 373,1275 374,1275 375,1275 390,1269 397,1267 408,1269 446,1276 447,1276 537,1273 538,1273 550,1267 556,1263 565,1266 573,1268 574,1268 575,1268 593,1266 617,1261 770,1261 770,1247 768,1223 739,1223 738,1223 730,1216 729,1216 729,1216 728,1216 688,1224 679,1225 677,1224 671,1218 670,1218 669,1218 648,1218 647,1218 601,1225 577,1227 571,1225 562,1221 562,1221 527,1221 526,1221 501,1226 494,1226 489,1226 471,1223 470,1223 469,1223 459,1226 443,1232 420,1232 414,1226 412,1225 411,1225 410,1225 409,1225 408,1225 403,1226 391,1232 381,1227 378,1226 377,1226 376,1226 375,1226 372,1227 357,1233 339,1227 335,1226 334,1226 333,1226 318,1227 242,1236 161,1232 160,1232 159,1232 145,1237 135,1233 135,1233 134,1233 133,1233 118,1238 104,1231 104,1231 83,1231 84,1263"/>
        <pc:Baseline points="84,1263 770,1247"/>
        <pc:TextEquiv index="0">
          <pc:Unicode>Umſtand gab Veranlaſſung, den Kindern</pc:Unicode>
        </pc:TextEquiv>
      </pc:TextLine>
      <pc:TextLine id="eSc_line_4927e4e9" custom="structure {type:default;}">
        <pc:Coords points="89,1316 89,1325 153,1325 162,1332 163,1332 164,1332 203,1334 204,1334 205,1334 229,1325 250,1332 251,1332 252,1332 291,1323 299,1322 307,1323 352,1330 353,1330 425,1326 426,1326 435,1322 442,1319 459,1322 492,1327 493,1327 494,1327 504,1321 513,1317 526,1321 540,1326 541,1326 541,1326 575,1324 576,1324 577,1324 582,1320 591,1315 608,1320 612,1321 613,1321 614,1321 621,1320 666,1312 718,1319 734,1321 735,1321 736,1321 737,1321 739,1319 755,1310 780,1319 781,1299 778,1274 762,1278 743,1274 732,1272 731,1272 730,1272 725,1275 714,1280 663,1281 635,1277 625,1275 624,1275 614,1277 587,1283 560,1278 542,1275 541,1275 472,1276 471,1276 458,1280 439,1287 396,1288 384,1281 377,1278 376,1278 375,1278 356,1282 344,1284 331,1282 311,1280 310,1280 309,1280 302,1283 288,1288 256,1286 255,1286 254,1286 240,1291 225,1285 218,1282 218,1282 217,1282 135,1284 134,1284 129,1287 115,1294 87,1288 89,1316"/>
        <pc:Baseline points="89,1316 781,1299"/>
        <pc:TextEquiv index="0">
          <pc:Unicode>an dieſem würdigen Bruder einen ſpre⸗</pc:Unicode>
        </pc:TextEquiv>
      </pc:TextLine>
      <pc:TextLine id="eSc_line_59176b31" custom="structure {type:default;}">
        <pc:Coords points="93,1366 94,1388 139,1387 140,1387 141,1387 154,1378 184,1382 185,1382 186,1382 202,1374 269,1373 278,1380 279,1380 280,1380 281,1380 281,1380 282,1380 295,1371 331,1371 364,1371 395,1382 395,1382 396,1382 397,1382 398,1382 399,1382 448,1368 509,1368 531,1378 532,1378 533,1379 538,1379 557,1379 557,1378 558,1378 559,1378 579,1366 593,1366 609,1376 610,1376 611,1376 612,1376 642,1371 678,1375 682,1375 683,1375 684,1375 686,1375 710,1369 780,1372 781,1351 778,1326 681,1329 674,1327 652,1320 651,1320 650,1320 649,1320 648,1320 638,1328 633,1331 594,1331 584,1329 565,1321 564,1321 539,1321 538,1321 537,1321 518,1330 508,1333 486,1330 462,1326 461,1326 435,1330 404,1337 327,1337 316,1332 302,1327 301,1327 300,1327 250,1328 249,1328 248,1328 239,1333 234,1337 229,1333 222,1329 221,1329 220,1329 219,1329 218,1329 201,1334 197,1335 191,1334 171,1330 170,1330 169,1330 149,1335 144,1336 142,1335 136,1330 135,1330 135,1330 134,1330 92,1335 93,1366"/>
        <pc:Baseline points="93,1366 467,1355 781,1351"/>
        <pc:TextEquiv index="0">
          <pc:Unicode>chenden Beweis vor die Augen zu ſtellen,</pc:Unicode>
        </pc:TextEquiv>
      </pc:TextLine>
      <pc:TextLine id="eSc_line_6e6a0a25" custom="structure {type:default;}">
        <pc:Coords points="702,1399 702,1432 716,1436 717,1436 718,1436 718,1436 729,1434 741,1430 750,1434 755,1436 756,1436 757,1436 758,1436 761,1434 770,1430 784,1435 786,1398 783,1375 701,1384 702,1399"/>
        <pc:Baseline points="702,1399 786,1398"/>
        <pc:TextEquiv index="0">
          <pc:Unicode>welche</pc:Unicode>
        </pc:TextEquiv>
      </pc:TextLine>
    </pc:TextRegion>
  </pc:Page>
</pc:PcGts>
