1000 1643
228 113 920 166 Berichte Engliſcher Gemeinen, 1804 u 1805.
154 134 221 194 120.
223 198 922 260 verſäumt habe, ſich auf den Abſchied aus dieſer Welt
215 253 928 317 vorzubereiten. Durch den Zuſpruch des Br. Latrobe,
219 307 917 362 u durch das Gebet, welches derſelbe auf ſeine Bitte
216 355 924 425 that, fühlte ſich der Kranke ſeiner Verſicherung zu⸗
215 412 931 475 folge ſehr aufgerichtet, u war ſehr dankbar dafür.
219 471 912 533 Er ſagte: „ich habe Urſache dem Heiland dafür zu
213 530 900 584 danken, daß Er mich auf das Krankenbett gelegt
214 583 916 637 hat, u ich glaube, daß, wen̅ ich wieder hergeſtellt werden
217 635 898 690 ſollte, dieſe Krankheit einen bleibenden Segen
214 692 910 744 für mich haben wird. Er verſchied ſchon Tages
209 742 926 800 darauf, nachdem er bis zu ſeinem letzten Augen⸗
213 799 917 859 blick den Heiland wiederholt um Gnade u Erbarmen
213 854 461 908 angerufen hatte.
280 901 906 959 Ein gewiſſer Herr Hill in Bath war ehedem
213 957 924 1020 ein ſtrenger Methodiſt geweſen, u hatte ſeiner Ver⸗
208 1015 916 1075 ſicherung zufolge in der Gemeinſchaft mit unſerm
211 1066 907 1126 Heiland wahre Gnade genoſſen. Ungefähr vor 2
210 1122 911 1180 Jahren hatte er ſich von den Methodiſten getren̅t,
209 1177 916 1235 war in Verſündigungen gerathen u der genoſſenen
209 1226 908 1287 Gnade verluſtig geworden. Dies verurſachte ihm
210 1281 918 1339 nun, da er krank wurde, u ſein Ende mit ſchnellen
214 1335 911 1398 Schritten herannahen ſahe, große Unruhe des Herzens,
858 1382 880 1444 u
