1000 1641
31 138 733 210 Berichte Engliſcher Gemeinen, 1804 u 1805.
736 146 788 203 111.
34 217 483 276 Willen durchaus ergeben ſeyn.
75 271 720 328 Von ſeiner Aufnahme in die Gemeine ſchreibt
33 325 726 388 er: Jn der ganzen Verſam̅lung fühlte ich die Ge⸗
34 381 728 440 genwart des Hauptes ſeiner Kirche, aber den ſeli⸗
32 429 721 492 gen Genuß, den mein Herz während des Geſanges
31 479 739 546 der Liturgie, u bey der Aufnahme ſelbſt hatte, kan̅
33 539 729 599 ich nicht beſchreiben. Die Herrlichkeit des Herrn er⸗
33 592 726 651 füllte den Ort. Jch wurde die liebe Nähe unſers
31 648 742 705 theuren Heilandes fühlbar in̅e, Sein Gnadenanblick
36 702 736 763 ſtrahlte in mein Herz, u ich hatte die feſte Ueber⸗
33 753 734 825 zeugung, daß Er ſelbſt mich zu Seinem Volke zähle.
114 815 746 867 Nachdem er zum erſtenmal beym heil. Abend⸗
39 865 726 927 mahl zugeſehen hatte, ſchrieb er: Wie dankbar
40 918 737 974 müſſen wir doch dem Geber aller guten Gaben ſeyn,
38 968 746 1029 daß Er in der Wüſteney des gegenwärtigen Lebens
42 1020 733 1078 einen Tiſch gedeckt hat, u uns armen Sündern
43 1071 732 1131 zuruft: Kom̅t, den̅ es iſt alles bereit! Aber wie
41 1131 731 1191 verſchieden benehmen ſich die Menſchen bey dieſer
42 1185 729 1244 Einladung.“ Die wahren geiſtlich Armen eilen
42 1234 739 1296 herbey, um ihren Hunger an dem Brodt des Lebens
43 1285 736 1353 zu ſtillen, während die phariſäiſch⸗geſin̅te Schaar
48 1341 748 1407 ſagt: wir ſind ſatt u bedürfen gar nichts. Gehören
689 1403 736 1456 wir
