1000 1640
53 105 622 166 Colonien an der Wolga.1805.
684 112 772 167 263.
38 174 716 246 wo wir mit Paſt. Graf u. ſeiner Frau,
37 230 728 303 welche erſt voriges Jahr in dieſes Land
41 290 716 355 gekom̅en sind, die erſte uns ſehr ange⸗
39 337 718 410 nehme Bekantſchaft machten. Nach dem
38 404 705 468 Mittagseſſen beſuchten wir zuſam̅en
41 451 708 520 die Kirche, welche ſeit meinem Beſuch
42 502 713 572 im Jahr 1784. ſehr verbeſſert worden
44 558 698 628 iſt. Beym Grabe des ſel. Paſt. Janett,
42 616 732 683 welches gerade vor der Seitenkirchthüre
43 667 711 737 dicht am Wege befindlich iſt, erin̅erte ich
43 722 720 789 mich mit in̅igem Dankgefühl der Freund⸗
47 773 718 844 ſchaft dieſes lieben Mannes. Gegen A⸗
42 830 715 898 bend fuhren wir dann die noch übrigen
42 879 724 948 5 Werſte bis nach Popofka, wo wir bey
46 939 722 1009 unſern Geſchw. Steinman̅s wie zu Hau⸗
49 997 687 1061 ſe waren, u. einige Tage ausruhten.
47 1050 724 1111 Mit in̅iger Bewegung meines Herzens
48 1102 727 1167 ſahe ich mir ſogleich nach unſrer Ankunft
45 1152 750 1218 den Ort an, wo unſre lieben alten Geſchw.
44 1206 732 1273 Stöckelys vor zwey Jahren in ihren Bet⸗
44 1260 731 1327 ten von Mördern überfallen, u. ſo jäm⸗
47 1313 719 1383 merlich gemißhandelt worden ſind. Die
667 1352 725 1397 hie⸗
