1000 1641
206 109 539 170 vom Jahr 1805.
729 116 822 166 343.
59 176 780 248 die Brüder⸗Unität unter der Brittiſchen
55 240 739 308 Regierung genießt, u. empfahlen uns,
59 300 754 360 unſern gnädigen Souverain, u. unſre Na⸗
57 342 697 415 tion der Gnade u. dem Schutze Gottes.
104 402 754 465 D. 7t Merz gingen die meiſten Einwoh⸗
61 456 741 522 ner unſers Orts zu einer Predigt, die
63 508 760 576 ein gewißer HR. Douglas in der Nachbar⸗
64 562 763 637 ſchaft hielt. Er iſt ein herumziehender Pre⸗
63 615 777 688 diger des Evangelii, der vielen Zulauf hat.
63 670 768 742 An Sontagen hat er gewöhnlich einige tau⸗
67 736 780 794 ſend Zuhörer, von denen einige aus einer
66 777 758 847 Entfernung von 10 bis 12 Meilen herbey
67 838 767 903 kom̅en, u. ſich um ihn her auf dem Felde ver⸗
67 882 777 953 ſam̅eln. Der Gegenſtand ſeiner Vorträge
70 939 763 1011 iſt durchgängig nur Jeſus der gekreuzig⸗
68 1002 746 1065 te, den er als die einzige Zuflucht für
71 1051 764 1114 verlorne Sünder mit Wärme anpreiſt.
72 1104 769 1173 Er iſt ein junger Man̅ von bewunderns⸗
72 1159 774 1226 würdigen Talenten u. außerordentlich
74 1208 768 1282 thätig; er predigt beynahe täglich u. bis⸗
73 1269 739 1334 weilen zweymal des Tages ein paar
74 1316 640 1393 Stunden unter freyem Him̅el.
689 1343 761 1398 D. 14.
