1000 1643
164 125 231 180 100.
241 121 887 179 Beſuch in Mähren, April 1806.
211 213 905 269 wiederum einzurichten; welches ſie auch, da es
216 267 893 327 jetzt zur Sprache kam, gemeinſchaftlich ſelbſt
212 321 917 378 wünſchten, u ſich ſogleich die Hände darauf reich⸗
215 371 912 428 ten. Halbjährig bitten ſie den evangeliſchen
218 424 911 480 Prediger zu ſich, damit er ihnen das Heilige
211 474 913 531 Abendmahl reiche; wegen der übrigen kirchlichen
215 533 906 587 Handlungen aber, als Taufen, Trauungen,
212 587 914 647 wenden ſie ſich an den hieſigen katholiſchen
216 641 911 696 Geiſtlichen, ſowie auch ihre Kinder die katho⸗
213 695 913 755 liſche Schule beſuchen. Die durchgängige Zu⸗
212 750 917 805 friedenheit unſrer Brüder mit dem jetzigen
211 805 909 862 Schullehrer war ein Beweis von der rechtſchaf⸗
216 860 882 913 fenen Denkungsart dieſes lieben Man̅es.
288 914 914 969 Während der Kriegsunruhen hatte dieſer
216 962 904 1019 Ort von den Durchzügen u der häufigen
214 1014 883 1076 Einquartierung ruſſiſcher Truppen viele
212 1067 908 1130 traurige Erfahrungen gemacht, wobey auch
214 1119 915 1178 unſre Geſchwiſter vieles gelitten u verloren
213 1172 915 1229 haben. Auf unſre Erkundigung wurden uns
214 1225 916 1287 von einem Bruder einige ſehr arme u be⸗
213 1279 915 1348 dürftige angezeigt, die auf dieſe Weiſe ihre
213 1333 914 1401 vorräthigen, nöthigſten Bedürfniſſe eingebüßt
833 1383 912 1419 hatten
