1000 1642
76 116 732 173 Von Stockholm 1801, 1802 u 1803.
746 125 795 171 41.
67 207 761 269 Lage unterhielt er, ſo gut er kon̅te, unausgeſetzt ſei⸗
69 258 759 318 ne Bekan̅tſchaft mit den Brüdern. Als er mit
69 310 763 377 ſeiner Frau hierher kam, waren ſie beyde durch
69 366 762 432 Krankheit u Noth ſchon äußerſt geſchwächt, u ſie
73 421 766 488 genoſſen in dieſem Elende die liebreiche Unter⸗
73 478 770 547 ſtützung der hieſigen Geſchwiſter. Die Frau ging
73 530 772 592 kurz darauf aus der Zeit, u auch er lag damals
78 582 749 649 ſchon zu Bette. Bey den Beſuchen, die er
78 637 767 702 auf ſeinem Krankenlager erhielt, bekan̅te
79 693 773 760 er wehmüthig ſeine vielfachen Versehen, bereu⸗
81 745 773 807 ete es, daß er ſein Gnadenloos zur Brüder⸗
86 798 774 864 gemeine zu gehören, durch Eigenſin̅ verloren,
85 851 777 916 guten Rath nicht angenom̅en u den Heiland u
83 905 781 967 die Gemeine betrübt habe, u wünſchte der Ver⸗
86 959 781 1025 gebung der Gemeine verſichert zu ſeyn. Be⸗
84 1013 774 1078 ſonders aber wandte er ſich mit alle ſeinem
90 1065 783 1133 Elend zum Heiland, zu dem er liebreich hin⸗
91 1119 780 1182 gewieſen wurde, u in dieſer Herzensſtellung,
88 1174 782 1231 voll Verlangen nach dem Troſt aus Jesu Tode,
93 1222 779 1287 ging ſeine Seele am 14ten Jan. 1802 in die
93 1278 560 1337 Arme ſeines Erlöſers über.
139 1319 780 1387 Am 27ſten Oct. 1801, Abends um 8 Uhr,
730 1370 789 1424 ent⸗
