<?xml version="1.0" encoding="utf-8"?>
<pc:PcGts xmlns:pc="http://schema.primaresearch.org/PAGE/gts/pagecontent/2019-07-15" xmlns:xsi="http://www.w3.org/2001/XMLSchema-instance" xsi:schemaLocation="http://schema.primaresearch.org/PAGE/gts/pagecontent/2019-07-15 http://schema.primaresearch.org/PAGE/gts/pagecontent/2019-07-15/pagecontent.xsd" pcGtsId="GT-OCR-GN_1806_1__GN.A.351__231_576ef">
  <pc:Metadata externalRef="https://images.iiif.slub-dresden.de/iiif/2/data%2Fkitodo%2FNachaudeB_1745047107_1806_1%2FNachaudeB_1745047107_1806_1_tif%2Fjpegs%2F00000232.tif.medium.jpg/full/full/0/default.jpg">
    <pc:Creator>escriptorium</pc:Creator>
    <pc:Created>2024-01-26T14:55:57.836637Z</pc:Created>
    <pc:LastChange>2024-01-26T14:55:57.836648Z</pc:LastChange>
    <pc:MetadataItem type="processingStep" name="recognition/post-correction" value="ocrd-cor-asv-ann-join">
      <pc:Labels externalModel="ocrd-tool" externalId="parameters">
        <pc:Label value="False" type="add-filegrp-comments"/>
      </pc:Labels>
      <pc:Labels externalModel="ocrd-tool" externalId="version">
        <pc:Label value="0.1.14" type="ocrd-cor-asv-ann-join"/>
        <pc:Label value="2.60.2.dev0+gac1f15b3.d20240125" type="ocrd/core"/>
      </pc:Labels>
    </pc:MetadataItem>
  </pc:Metadata>
  <pc:Page imageFilename="231_576ef_default.jpg" imageWidth="1000" imageHeight="1642">
    <pc:TextRegion id="eSc_textblock_3f3729d5" custom="structure {type:text;}">
      <pc:Coords points="809,98 845,113 875,175 918,182 937,204 947,270 940,506 951,532 937,1170 915,1228 831,1258 915,1299 926,1317 922,1389 904,1411 765,1392 233,1385 237,262 229,175 197,159 193,127 204,109 302,109 337,91"/>
      <pc:TextLine id="eSc_line_a9c7ede4" custom="structure {type:default;}">
        <pc:Coords points="238,109 230,109 202,113 197,117 198,147 198,176 289,176 289,146 286,116 247,109 238,109"/>
        <pc:Baseline points="199,149 290,147"/>
        <pc:TextEquiv index="0">
          <pc:Unicode>228.</pc:Unicode>
        </pc:TextEquiv>
      </pc:TextLine>
      <pc:TextLine id="eSc_line_26006481">
        <pc:Coords points="830,108 816,101 802,97 791,97 775,106 773,106 756,97 747,97 734,97 720,97 713,95 689,102 680,95 679,95 665,95 652,95 638,95 624,95 610,94 608,94 590,101 576,108 471,108 453,98 452,98 450,98 449,98 424,106 412,97 405,91 405,91 391,91 378,91 364,91 363,91 357,95 353,99 338,95 338,145 338,158 613,158 626,168 632,175 634,175 635,175 636,176 835,176 836,143 835,109 830,108"/>
        <pc:Baseline points="339,146 425,144 837,145"/>
        <pc:TextEquiv index="0">
          <pc:Unicode>Diaspora im Vogtland,</pc:Unicode>
        </pc:TextEquiv>
      </pc:TextLine>
      <pc:TextLine id="eSc_line_2031ea6d" custom="structure {type:default;}">
        <pc:Coords points="904,179 903,179 863,183 862,183 861,183 844,196 808,196 784,180 783,180 782,180 755,179 754,179 753,179 752,179 725,196 724,197 629,197 628,196 608,181 607,181 606,181 584,180 583,180 550,181 549,181 548,181 525,197 523,197 497,197 495,197 471,181 470,181 469,181 436,181 435,181 434,181 404,193 356,184 355,184 354,184 354,184 334,197 333,197 323,197 318,197 298,183 297,183 296,183 276,183 275,183 274,183 273,183 256,197 255,197 242,197 243,222 243,236 351,232 365,236 388,243 389,243 390,244 413,244 413,243 414,243 434,236 448,231 455,236 456,236 457,236 458,236 541,236 547,236 582,242 583,242 583,242 595,238 635,241 636,241 637,241 638,241 645,236 655,230 728,230 743,236 756,240 757,240 758,240 759,240 760,240 765,236 776,229 797,235 798,235 799,235 833,229 843,236 848,240 849,240 850,240 851,240 927,236 927,218 926,194 906,179 904,179"/>
        <pc:Baseline points="243,222 927,218"/>
        <pc:TextEquiv index="0">
          <pc:Unicode>eben durch eine ſolche gewaltſame Er⸗</pc:Unicode>
        </pc:TextEquiv>
      </pc:TextLine>
      <pc:TextLine id="eSc_line_78a7a84d" custom="structure {type:default;}">
        <pc:Coords points="246,295 284,295 284,294 285,294 286,294 303,285 344,285 369,292 370,292 371,292 372,292 390,284 429,284 439,291 440,291 441,291 442,291 446,291 489,284 523,290 540,292 541,292 541,292 550,290 567,283 594,283 628,288 659,292 660,292 695,291 696,291 697,291 704,287 707,285 712,287 723,290 724,290 725,290 726,290 735,286 743,283 758,286 775,289 776,289 835,285 843,290 844,290 845,290 846,290 847,290 848,290 857,284 859,283 863,284 887,290 888,290 889,290 937,282 937,272 936,253 873,253 872,252 849,235 848,235 847,235 846,235 845,235 800,248 789,240 788,240 787,240 786,240 785,240 768,247 750,236 749,236 748,236 747,236 746,236 712,250 705,254 658,255 637,255 628,249 603,237 602,237 562,237 561,237 560,237 534,249 520,255 499,249 496,248 495,248 494,248 493,248 492,248 492,249 482,255 445,250 444,250 403,255 389,247 375,239 375,239 374,239 279,239 278,239 277,239 276,239 267,246 260,252 246,246 246,277 246,295"/>
        <pc:Baseline points="246,277 937,272"/>
        <pc:TextEquiv index="0">
          <pc:Unicode>ſchütterung. Sie ſolle dieſelbe als einen</pc:Unicode>
        </pc:TextEquiv>
      </pc:TextLine>
      <pc:TextLine id="eSc_line_c6ee04af" custom="structure {type:default;}">
        <pc:Coords points="242,334 242,346 271,343 292,347 314,351 315,351 316,351 328,346 337,343 350,346 363,349 364,349 364,349 365,349 368,346 372,343 383,346 393,348 394,348 411,345 434,342 438,345 447,352 447,352 448,352 449,353 449,352 450,352 451,352 460,345 465,342 502,342 510,344 522,350 523,350 524,351 652,351 652,350 653,350 679,342 687,341 695,342 713,349 714,349 715,349 716,349 731,342 738,340 748,342 759,344 760,344 760,344 770,342 779,340 786,342 809,348 810,348 811,349 851,349 851,348 852,348 868,341 869,341 870,341 885,346 886,346 887,346 928,340 928,329 926,301 906,305 899,301 881,290 880,290 879,290 836,290 835,290 834,290 833,290 815,301 808,306 785,306 740,301 738,301 737,301 730,301 626,307 618,301 604,291 604,291 603,291 602,291 601,291 584,300 563,300 554,292 553,292 552,292 490,292 489,292 489,292 488,292 473,301 465,307 442,310 411,310 397,302 382,293 381,293 380,293 379,293 378,293 364,302 353,310 341,310 324,302 308,294 307,294 306,294 267,299 259,295 258,295 257,295 256,295 241,301 242,334"/>
        <pc:Baseline points="242,334 928,329"/>
        <pc:TextEquiv index="0">
          <pc:Unicode>Beweis ſeiner Liebe gegen ſie anſehen.</pc:Unicode>
        </pc:TextEquiv>
      </pc:TextLine>
      <pc:TextLine id="eSc_line_cf2072e7" custom="structure {type:default;}">
        <pc:Coords points="246,385 246,407 301,406 302,406 324,395 387,396 426,405 427,405 427,405 428,405 444,395 474,394 488,405 489,405 489,405 490,405 491,405 511,395 528,405 529,405 530,405 531,406 598,406 598,405 599,405 600,405 619,396 627,400 628,400 629,400 665,395 675,400 676,400 677,400 717,394 772,398 773,398 834,394 849,402 850,402 851,402 886,394 912,404 916,405 916,405 917,405 932,403 933,383 929,345 895,356 864,346 853,342 852,342 851,342 850,342 849,342 843,347 836,352 830,347 824,342 823,342 822,342 791,342 790,342 789,342 788,342 781,348 770,358 701,359 657,359 642,352 628,345 627,345 626,345 625,345 605,352 593,356 589,353 582,346 581,346 580,346 579,346 578,346 565,353 554,359 531,359 524,353 518,348 517,348 516,348 485,343 484,343 402,345 401,345 382,354 360,344 359,344 324,344 323,344 322,344 292,354 270,344 270,344 269,344 268,344 267,344 245,357 246,385"/>
        <pc:Baseline points="246,385 933,383"/>
        <pc:TextEquiv index="0">
          <pc:Unicode>Er habe dadurch nicht allein ein Kind, wel⸗</pc:Unicode>
        </pc:TextEquiv>
      </pc:TextLine>
      <pc:TextLine id="eSc_line_619cba13" custom="structure {type:default;}">
        <pc:Coords points="245,441 245,460 347,451 442,457 473,459 474,459 475,459 476,459 479,457 489,450 543,450 552,456 556,458 557,458 558,458 559,459 593,459 593,458 594,458 595,458 600,455 609,450 668,454 687,455 687,455 695,454 706,451 709,453 715,457 716,457 717,457 718,458 773,458 773,457 774,457 791,452 797,450 812,452 838,455 839,455 840,455 849,451 852,450 854,451 866,455 867,455 868,455 936,449 937,438 935,415 789,415 789,415 770,400 769,400 768,400 767,400 738,406 724,395 723,395 722,395 721,395 699,396 698,396 697,396 673,413 655,415 645,415 616,415 615,415 593,398 593,398 592,398 591,398 590,398 544,411 517,396 516,396 515,396 514,396 473,410 449,397 448,397 318,397 317,397 316,397 298,406 277,402 276,402 275,402 244,413 245,441"/>
        <pc:Baseline points="245,441 937,438"/>
        <pc:TextEquiv index="0">
          <pc:Unicode>ches vielleicht bey ihrem Leichtſinn eine</pc:Unicode>
        </pc:TextEquiv>
      </pc:TextLine>
      <pc:TextLine id="eSc_line_e48ecd04" custom="structure {type:default;}">
        <pc:Coords points="245,498 245,509 266,509 268,509 281,516 281,516 282,516 283,516 284,516 293,509 295,509 296,509 317,520 318,520 319,521 335,521 335,520 336,520 337,520 351,510 354,508 358,510 378,519 379,519 380,520 417,520 417,519 418,519 419,519 429,510 430,510 434,510 488,519 489,519 489,519 490,519 501,511 507,509 534,509 541,512 546,516 547,516 548,516 549,516 550,516 558,512 564,509 569,512 570,512 571,512 572,512 575,512 632,505 650,510 651,510 652,510 653,510 654,510 663,505 693,506 702,513 706,517 707,517 708,517 708,517 740,516 741,516 742,516 745,514 755,507 782,510 783,510 815,504 839,515 840,515 841,515 842,515 843,515 843,515 868,506 921,515 923,492 919,455 905,463 895,456 895,455 894,455 893,455 872,455 871,455 870,455 869,455 867,456 850,469 833,469 816,457 813,456 812,456 812,456 793,456 792,456 791,456 791,456 787,458 779,464 772,458 770,456 769,456 768,456 745,456 744,456 743,456 742,456 738,459 726,469 716,466 715,466 714,466 713,466 712,466 706,471 695,471 683,461 677,457 677,457 676,457 658,457 657,457 656,457 646,462 630,471 573,467 572,467 572,467 571,467 563,472 445,472 437,467 427,459 427,459 426,459 408,459 407,459 406,459 406,459 394,468 381,459 380,459 379,459 354,459 354,459 353,459 332,470 325,474 319,470 299,460 298,460 297,460 244,472 245,498"/>
        <pc:Baseline points="245,498 923,492"/>
        <pc:TextEquiv index="0">
          <pc:Unicode>ſchlechte Erziehung würde erhalten ha⸗</pc:Unicode>
        </pc:TextEquiv>
      </pc:TextLine>
      <pc:TextLine id="eSc_line_81fbd954" custom="structure {type:default;}">
        <pc:Coords points="243,563 338,568 339,568 340,568 350,564 352,562 426,562 431,564 439,567 440,567 441,567 442,567 454,564 462,562 471,564 486,567 487,567 524,564 559,561 594,564 620,566 621,566 622,566 623,566 625,564 630,561 683,564 703,565 704,565 718,564 769,561 794,564 801,565 802,565 806,564 830,560 846,564 847,564 848,565 941,565 942,547 940,527 920,527 920,526 900,510 899,510 898,510 885,510 885,510 884,510 883,510 864,526 862,528 822,528 820,525 802,511 801,511 800,511 754,511 753,511 752,511 725,519 711,511 710,511 682,511 681,511 680,511 679,511 661,524 656,527 642,523 638,523 637,523 636,523 635,523 622,529 607,523 580,512 579,512 562,512 561,512 560,512 559,512 545,522 536,530 520,530 461,524 460,524 459,524 458,524 451,530 408,530 392,521 379,514 378,514 337,514 336,514 335,514 320,520 302,528 286,520 273,514 272,514 271,514 270,514 260,519 250,525 244,519 243,551 243,563"/>
        <pc:Baseline points="243,551 942,547"/>
        <pc:TextEquiv index="0">
          <pc:Unicode>ben, dem Verderben entriſſen, ſondern</pc:Unicode>
        </pc:TextEquiv>
      </pc:TextLine>
      <pc:TextLine id="eSc_line_b5a7b9b3" custom="structure {type:default;}">
        <pc:Coords points="243,605 244,628 260,623 269,627 270,627 270,628 308,628 308,627 309,627 310,627 317,621 325,625 326,625 327,625 328,625 355,615 388,620 389,620 464,615 514,625 515,625 516,625 536,620 589,626 590,626 591,626 592,626 611,614 656,614 667,623 668,623 669,623 670,623 671,623 681,620 705,626 706,626 707,626 708,626 733,618 742,623 743,623 744,623 745,623 746,623 747,623 762,613 785,613 798,620 799,620 800,620 801,620 816,615 836,625 837,625 838,625 899,617 938,625 940,602 938,582 903,582 872,561 871,561 870,561 809,561 808,561 807,561 806,561 786,578 764,581 708,561 708,561 707,561 687,562 686,562 685,562 659,582 659,583 590,583 537,583 505,564 504,564 503,564 502,564 501,564 478,577 466,577 447,563 447,563 446,563 445,563 444,563 425,568 352,563 351,563 350,563 349,563 341,570 325,566 324,566 323,566 322,566 322,566 293,583 292,584 242,584 243,605"/>
        <pc:Baseline points="243,605 940,602"/>
        <pc:TextEquiv index="0">
          <pc:Unicode>auch ſie dadurch zur gründlichen Bekehrung</pc:Unicode>
        </pc:TextEquiv>
      </pc:TextLine>
      <pc:TextLine id="eSc_line_e0e42136" custom="structure {type:default;}">
        <pc:Coords points="243,661 243,675 313,670 320,675 322,676 322,676 323,676 324,676 340,675 346,674 350,675 364,678 364,678 365,678 366,678 367,678 374,674 383,669 455,674 464,674 465,674 466,674 467,674 474,668 586,668 617,673 654,677 655,677 656,677 656,677 664,672 670,668 681,672 697,677 698,677 699,677 700,677 701,677 701,676 707,672 709,669 714,672 723,676 724,676 725,676 726,676 744,672 759,667 766,671 776,676 777,676 778,677 856,677 856,676 857,676 858,676 864,672 884,676 885,676 885,676 886,676 887,676 895,671 920,676 921,676 922,676 933,670 933,658 931,638 839,638 812,623 811,623 789,623 788,623 787,623 786,623 774,633 728,623 727,623 726,623 725,623 699,639 673,639 663,632 662,632 661,632 660,632 621,638 603,623 602,623 601,623 585,623 584,623 583,623 546,638 523,623 522,623 521,623 482,623 481,623 480,623 479,623 460,640 448,640 428,625 427,625 427,625 374,624 373,624 372,624 371,624 353,638 329,624 328,624 302,624 302,624 301,624 300,624 278,640 242,640 243,661"/>
        <pc:Baseline points="243,661 933,658"/>
        <pc:TextEquiv index="0">
          <pc:Unicode>antreiben wollen. Nun ſey der kürzeſte</pc:Unicode>
        </pc:TextEquiv>
      </pc:TextLine>
      <pc:TextLine id="eSc_line_fa8defed" custom="structure {type:default;}">
        <pc:Coords points="244,715 244,726 307,726 308,726 333,737 333,737 334,737 335,737 356,726 359,724 434,724 437,725 458,736 458,736 459,736 460,736 486,725 488,724 489,725 512,737 513,737 514,737 515,737 516,737 536,725 539,723 541,725 553,730 554,730 555,730 556,730 567,725 569,724 595,724 596,724 619,736 620,736 621,736 677,735 677,735 704,727 718,732 719,732 720,732 760,723 762,723 763,723 782,735 783,735 784,735 785,735 870,734 871,734 872,734 881,726 892,729 893,729 894,729 929,722 930,710 927,679 921,682 917,679 903,672 902,672 901,672 900,672 899,672 889,680 878,689 832,689 822,681 815,675 814,675 813,675 792,671 791,671 769,674 768,674 767,674 756,683 750,687 744,683 729,672 729,672 728,672 715,672 714,672 713,672 712,672 697,684 691,689 684,685 675,678 674,678 673,678 672,678 671,678 670,678 661,685 653,691 583,691 576,686 555,673 554,673 553,673 552,673 552,673 551,673 527,687 524,689 522,687 500,674 499,674 498,674 497,674 449,682 438,674 437,674 437,674 436,674 358,675 357,675 336,680 308,675 307,675 306,675 305,675 281,693 243,693 244,715"/>
        <pc:Baseline points="244,715 930,710"/>
        <pc:TextEquiv index="0">
          <pc:Unicode>u. beſte Rath, daß ſie ſich gläubig zu ihm</pc:Unicode>
        </pc:TextEquiv>
      </pc:TextLine>
      <pc:TextLine id="eSc_line_acba811a" custom="structure {type:default;}">
        <pc:Coords points="243,770 244,786 258,781 343,781 356,786 360,787 361,787 362,787 363,787 368,786 387,780 394,785 395,787 395,787 396,787 397,788 437,788 437,787 437,787 441,785 451,779 541,784 541,784 582,779 597,784 599,785 600,785 601,785 608,784 652,778 685,778 697,784 697,784 698,784 699,784 708,784 782,779 854,782 855,782 856,782 872,778 876,782 877,782 878,782 879,783 925,783 926,764 921,729 898,743 860,731 845,727 844,727 843,727 828,727 827,727 826,727 821,732 807,743 792,733 785,727 784,727 783,727 729,727 729,727 728,727 727,727 717,736 703,746 672,746 661,737 656,732 655,732 654,732 653,732 652,732 640,737 622,747 602,747 588,739 571,729 570,729 531,729 531,729 530,729 529,729 510,741 500,747 466,747 457,743 438,735 437,735 437,735 436,735 435,735 425,744 419,748 386,748 383,745 365,731 364,731 364,731 345,731 344,731 343,731 343,731 323,746 296,742 295,742 242,748 243,770"/>
        <pc:Baseline points="243,770 926,764"/>
        <pc:TextEquiv index="0">
          <pc:Unicode>wende, u. ihn um Vergebung aller ihrer</pc:Unicode>
        </pc:TextEquiv>
      </pc:TextLine>
      <pc:TextLine id="eSc_line_aa29c931" custom="structure {type:default;}">
        <pc:Coords points="239,825 239,837 329,834 343,836 368,841 369,841 370,841 387,836 396,833 404,836 416,840 416,840 417,840 418,840 431,835 435,834 437,835 442,839 443,839 444,839 445,840 502,840 502,839 528,834 546,831 605,831 610,833 618,838 619,838 620,838 646,833 661,831 668,833 680,837 681,837 682,837 748,836 749,836 750,836 754,832 757,830 764,831 776,835 777,835 778,835 779,835 785,831 788,831 795,831 819,835 820,835 821,835 829,831 833,829 845,831 863,834 864,834 929,830 929,817 927,800 839,803 828,798 827,798 826,798 825,798 822,798 805,800 801,798 775,784 774,784 773,784 744,785 743,785 717,796 698,804 688,800 687,800 687,800 656,805 636,797 635,797 635,797 539,807 506,799 505,799 504,799 465,804 458,799 458,799 457,799 456,799 437,800 436,800 420,807 413,800 412,800 411,800 410,800 377,805 359,791 356,789 355,789 354,789 354,789 238,789 239,825"/>
        <pc:Baseline points="239,825 929,817"/>
        <pc:TextEquiv index="0">
          <pc:Unicode>Sünden, um Troſt u. um Kraft zu einem</pc:Unicode>
        </pc:TextEquiv>
      </pc:TextLine>
      <pc:TextLine id="eSc_line_85086ad8" custom="structure {type:default;}">
        <pc:Coords points="237,881 237,889 310,899 311,899 312,899 328,891 343,898 344,898 345,899 375,899 375,898 376,898 407,888 410,888 413,888 437,893 438,893 472,888 474,888 475,888 494,897 495,897 496,897 560,894 561,894 579,887 583,886 587,887 607,895 608,895 609,895 655,894 656,894 656,894 667,887 670,885 677,887 690,891 691,891 692,891 693,891 704,887 708,885 709,887 715,892 716,892 717,892 718,892 743,886 751,885 755,886 768,892 769,892 770,892 770,892 784,886 791,884 825,884 830,886 841,891 842,891 843,891 866,886 867,886 896,893 897,893 930,885 930,873 929,846 899,836 898,836 858,836 857,836 856,836 855,836 840,847 833,852 815,848 782,839 781,839 781,839 780,839 779,839 762,849 753,854 666,854 660,851 645,840 644,840 643,840 583,839 582,839 581,839 580,839 561,852 556,856 541,856 537,853 519,840 518,840 517,840 496,840 495,840 494,840 493,840 475,854 472,856 458,856 450,854 406,841 406,841 371,841 370,841 369,841 368,841 347,854 323,851 322,851 322,851 302,857 301,858 236,858 237,881"/>
        <pc:Baseline points="237,881 930,873"/>
        <pc:TextEquiv index="0">
          <pc:Unicode>neuen ihm wohlgefälligen Leben bitte.</pc:Unicode>
        </pc:TextEquiv>
      </pc:TextLine>
      <pc:TextLine id="eSc_line_37bceef5" custom="structure {type:default;}">
        <pc:Coords points="240,935 240,956 336,950 337,950 338,950 343,945 355,950 356,950 357,950 358,950 380,942 393,942 410,953 411,953 412,953 413,953 414,953 415,953 436,941 474,941 481,946 482,946 483,946 484,946 485,946 486,946 493,941 513,945 514,945 515,945 531,940 562,948 562,948 563,948 606,939 616,947 622,952 623,952 624,952 625,953 645,953 645,952 646,952 657,946 672,939 720,939 741,945 764,950 765,950 766,951 810,951 810,950 811,950 835,942 844,939 851,942 864,947 865,947 866,947 930,939 930,927 928,908 862,908 838,891 837,891 836,891 790,891 789,891 788,891 787,891 767,906 760,904 760,904 759,904 758,904 757,904 750,909 677,895 676,895 675,895 643,911 627,911 601,893 600,893 599,893 598,893 597,893 561,911 517,904 516,904 515,904 500,912 478,912 447,897 447,897 446,897 424,902 414,894 413,894 412,894 411,894 382,895 381,895 380,895 362,910 354,904 354,904 353,904 352,904 322,908 291,896 291,896 265,896 264,896 263,896 262,896 239,912 240,935"/>
        <pc:Baseline points="240,935 930,927"/>
        <pc:TextEquiv index="0">
          <pc:Unicode>Er werde ſie gewiß nicht von ſich weiſen.</pc:Unicode>
        </pc:TextEquiv>
      </pc:TextLine>
      <pc:TextLine id="eSc_line_0a53b7ef" custom="structure {type:default;}">
        <pc:Coords points="288,987 288,1005 352,996 419,1004 420,1004 421,1004 422,1004 435,995 459,995 484,1003 485,1003 486,1004 516,1004 516,1003 517,1003 518,1003 518,1002 524,997 532,1000 533,1000 534,1000 635,994 646,998 647,998 648,998 686,996 691,1000 692,1000 693,1000 694,1000 746,994 776,998 777,998 778,998 792,993 810,1000 811,1000 812,1000 841,995 850,1000 851,1000 852,1000 853,1000 854,1000 864,996 870,1000 871,1000 872,1000 873,1000 874,1000 875,1000 880,996 925,1000 927,984 924,961 885,964 878,961 847,947 846,947 845,947 844,947 817,961 812,965 781,965 778,961 761,948 760,948 760,948 728,948 727,948 726,948 725,948 709,961 705,966 685,966 680,962 665,948 664,948 663,948 662,948 661,948 634,962 627,966 571,966 565,962 551,949 550,949 549,949 529,949 528,949 527,949 526,949 506,962 500,966 489,962 481,960 480,960 479,960 462,962 432,966 425,963 403,950 402,950 379,950 378,950 377,950 350,963 348,964 347,963 333,950 332,950 331,950 307,950 306,950 305,950 304,950 287,960 288,987"/>
        <pc:Baseline points="288,987 927,984"/>
        <pc:TextEquiv index="0">
          <pc:Unicode>Jm Anfang November kam ich wie⸗</pc:Unicode>
        </pc:TextEquiv>
      </pc:TextLine>
      <pc:TextLine id="eSc_line_0ce8fe9e" custom="structure {type:default;}">
        <pc:Coords points="239,1047 239,1059 281,1059 283,1060 291,1065 292,1065 293,1065 294,1065 295,1065 318,1059 323,1058 327,1059 349,1068 350,1068 351,1069 382,1069 382,1068 383,1068 407,1058 411,1056 466,1054 477,1057 507,1066 508,1066 509,1066 510,1066 510,1066 524,1056 529,1053 558,1053 562,1056 582,1066 583,1066 583,1067 632,1067 632,1066 729,1053 749,1051 756,1053 793,1064 794,1064 795,1064 796,1064 822,1052 926,1050 927,1040 924,1015 914,1017 910,1014 894,1003 893,1003 892,1003 891,1003 890,1003 889,1003 877,1012 863,1000 862,1000 861,1000 827,1000 826,1000 825,1000 824,1000 805,1013 796,1019 755,1019 745,1012 730,1001 729,1001 729,1001 728,1001 727,1001 707,1009 697,1002 697,1002 696,1002 631,1002 630,1002 629,1002 611,1010 588,1021 461,1021 452,1014 451,1014 450,1014 449,1014 448,1014 429,1020 413,1008 409,1005 408,1005 407,1005 366,1005 365,1005 364,1005 364,1005 361,1007 338,1023 303,1023 271,1006 270,1006 239,1006 239,1047"/>
        <pc:Baseline points="239,1047 927,1040"/>
        <pc:TextEquiv index="0">
          <pc:Unicode>der in Ebersdorf an. Jch habe auf dieſer</pc:Unicode>
        </pc:TextEquiv>
      </pc:TextLine>
      <pc:TextLine id="eSc_line_1d6bd5c4" custom="structure {type:default;}">
        <pc:Coords points="242,1105 242,1126 270,1126 270,1125 270,1125 271,1125 290,1117 322,1123 328,1124 329,1124 330,1124 331,1124 332,1123 342,1114 356,1118 357,1118 358,1118 359,1118 360,1118 369,1111 431,1111 454,1121 459,1122 460,1122 461,1123 489,1123 489,1122 489,1122 490,1122 494,1119 498,1117 501,1119 504,1122 505,1122 506,1122 507,1122 592,1121 593,1121 593,1121 600,1117 614,1108 632,1116 635,1117 635,1117 636,1117 645,1115 680,1107 706,1114 720,1118 721,1118 722,1118 723,1118 724,1118 731,1113 742,1106 777,1111 778,1111 779,1111 799,1105 922,1108 923,1095 921,1061 861,1055 860,1055 859,1055 836,1064 812,1074 749,1074 739,1067 727,1058 726,1058 725,1058 676,1058 675,1058 674,1058 673,1058 655,1070 644,1077 567,1077 559,1072 543,1063 542,1063 541,1063 445,1061 444,1061 443,1061 412,1078 407,1080 388,1078 380,1078 367,1067 366,1067 365,1067 364,1067 364,1067 322,1079 266,1076 265,1076 264,1076 241,1082 242,1105"/>
        <pc:Baseline points="242,1105 923,1095"/>
        <pc:TextEquiv index="0">
          <pc:Unicode>zweyten diesjährigen Reiſe an 61 Or⸗</pc:Unicode>
        </pc:TextEquiv>
      </pc:TextLine>
      <pc:TextLine id="eSc_line_2403d2b3" custom="structure {type:default;}">
        <pc:Coords points="238,1158 238,1176 273,1168 294,1174 295,1174 296,1174 331,1170 366,1174 367,1174 368,1174 387,1168 406,1175 408,1176 409,1176 410,1176 411,1176 414,1175 437,1165 468,1165 520,1165 548,1174 551,1175 552,1175 552,1175 651,1174 652,1174 653,1174 653,1174 666,1164 677,1169 677,1169 678,1169 717,1166 735,1174 736,1174 737,1174 738,1174 739,1174 740,1174 771,1165 782,1173 783,1173 784,1173 785,1174 824,1174 824,1173 825,1173 873,1161 927,1172 927,1150 926,1127 843,1122 842,1122 841,1122 840,1122 833,1128 832,1129 769,1129 767,1129 745,1114 744,1114 743,1114 742,1114 741,1114 713,1129 712,1130 690,1130 689,1130 669,1119 668,1119 667,1119 666,1119 666,1119 652,1130 652,1131 635,1131 634,1131 612,1116 611,1116 610,1116 609,1116 568,1124 542,1116 541,1116 541,1116 501,1122 500,1122 500,1122 484,1132 465,1132 447,1118 447,1118 446,1118 393,1118 392,1118 391,1118 379,1122 333,1119 332,1119 331,1119 330,1119 314,1132 290,1134 289,1134 263,1121 262,1121 261,1121 260,1121 237,1133 238,1158"/>
        <pc:Baseline points="238,1158 927,1150"/>
        <pc:TextEquiv index="0">
          <pc:Unicode>ten beſucht u. 391. Geſchwiſter u. Freun⸗</pc:Unicode>
        </pc:TextEquiv>
      </pc:TextLine>
      <pc:TextLine id="eSc_line_9040cc2b" custom="structure {type:default;}">
        <pc:Coords points="239,1212 239,1226 280,1224 283,1226 295,1233 296,1233 297,1233 298,1233 299,1233 300,1233 310,1226 322,1233 322,1233 323,1233 360,1232 361,1232 362,1232 370,1226 403,1232 404,1232 451,1222 460,1220 468,1222 496,1227 497,1227 498,1227 515,1221 520,1219 524,1220 547,1227 548,1227 549,1227 602,1219 608,1218 609,1219 622,1227 623,1227 624,1227 625,1227 652,1223 679,1227 680,1227 731,1216 738,1215 819,1215 821,1215 851,1223 852,1223 853,1223 902,1213 902,1201 899,1181 828,1181 827,1181 807,1170 806,1170 805,1170 734,1177 723,1172 722,1172 680,1172 679,1172 631,1183 623,1185 583,1185 581,1184 572,1175 571,1175 570,1175 550,1174 549,1174 548,1174 547,1174 534,1184 531,1186 513,1186 507,1184 501,1182 500,1182 500,1182 471,1184 468,1184 467,1184 456,1176 455,1176 454,1176 441,1176 440,1176 439,1176 438,1176 427,1184 423,1188 378,1188 373,1185 364,1181 363,1181 362,1181 317,1185 310,1186 308,1186 291,1179 291,1179 248,1179 247,1179 246,1179 245,1179 238,1184 239,1212"/>
        <pc:Baseline points="239,1212 902,1201"/>
        <pc:TextEquiv index="0">
          <pc:Unicode>de geſprochen, unter welchen 40 neue</pc:Unicode>
        </pc:TextEquiv>
      </pc:TextLine>
      <pc:TextLine id="eSc_line_90e9d367" custom="structure {type:default;}">
        <pc:Coords points="235,1268 235,1281 321,1276 333,1278 352,1282 353,1282 442,1280 443,1280 444,1280 444,1279 445,1279 448,1274 488,1271 488,1263 485,1247 430,1248 428,1247 420,1240 420,1239 419,1239 418,1239 417,1239 393,1241 383,1232 383,1231 382,1231 381,1231 371,1231 370,1231 369,1231 368,1231 358,1240 333,1232 332,1232 331,1232 299,1233 298,1233 297,1233 277,1247 272,1250 234,1248 235,1268"/>
        <pc:Baseline points="235,1268 488,1263"/>
        <pc:TextEquiv index="0">
          <pc:Unicode>Bekannte ſind.</pc:Unicode>
        </pc:TextEquiv>
      </pc:TextLine>
      <pc:TextLine id="eSc_line_57626254" custom="structure {type:default;}">
        <pc:Coords points="277,1319 278,1339 307,1328 340,1328 351,1337 352,1338 352,1339 353,1339 354,1339 354,1340 364,1340 364,1339 365,1339 374,1337 392,1332 422,1336 442,1338 443,1338 444,1338 445,1338 445,1337 447,1335 456,1327 470,1326 487,1334 488,1334 489,1334 489,1334 520,1326 538,1330 539,1330 540,1330 550,1325 617,1325 626,1331 631,1335 632,1335 633,1335 634,1335 635,1335 644,1330 658,1324 671,1324 678,1330 684,1335 685,1335 686,1335 687,1335 735,1330 762,1334 763,1334 764,1334 765,1334 775,1328 781,1324 818,1322 822,1326 822,1327 823,1327 824,1327 825,1327 828,1327 854,1322 890,1325 891,1312 889,1290 817,1290 813,1288 783,1271 782,1271 728,1271 727,1271 726,1271 696,1286 684,1291 627,1288 624,1284 612,1274 612,1273 611,1273 610,1273 600,1273 599,1273 598,1273 597,1273 585,1283 576,1290 560,1282 544,1276 543,1276 542,1276 520,1278 520,1278 519,1278 514,1281 500,1294 450,1295 424,1295 399,1279 393,1275 392,1275 391,1275 390,1275 364,1278 346,1280 276,1277 277,1319"/>
        <pc:Baseline points="277,1319 891,1312"/>
        <pc:TextEquiv index="0">
          <pc:Unicode>Jns Ganze iſt in dieſem Jahre an</pc:Unicode>
        </pc:TextEquiv>
      </pc:TextLine>
      <pc:TextLine id="eSc_line_104fda49" custom="structure {type:default;}">
        <pc:Coords points="239,1376 239,1389 369,1384 377,1388 383,1391 384,1391 385,1391 397,1388 406,1386 409,1388 415,1391 416,1391 416,1391 417,1391 426,1388 437,1383 468,1387 515,1392 516,1392 517,1392 530,1386 534,1384 540,1386 548,1389 549,1389 550,1389 551,1389 559,1386 572,1381 603,1385 605,1385 606,1385 607,1385 608,1385 630,1380 645,1384 659,1390 660,1390 661,1390 739,1389 740,1389 741,1389 747,1384 769,1388 770,1388 819,1383 820,1383 821,1383 822,1382 827,1378 838,1382 847,1385 848,1385 849,1385 850,1385 863,1382 882,1376 906,1381 906,1365 905,1341 871,1341 852,1329 851,1329 850,1329 849,1329 848,1329 847,1329 827,1342 826,1342 793,1342 792,1342 780,1336 779,1336 778,1336 777,1336 776,1336 767,1342 767,1343 736,1343 735,1343 708,1330 708,1330 707,1330 706,1330 681,1342 643,1330 642,1330 641,1330 640,1330 593,1345 591,1346 562,1346 561,1345 544,1331 543,1331 542,1331 516,1331 515,1331 492,1332 491,1332 490,1332 478,1340 443,1333 442,1333 441,1333 407,1347 403,1349 397,1347 350,1334 349,1334 348,1334 312,1340 294,1335 293,1335 292,1335 291,1335 239,1349 239,1376"/>
        <pc:Baseline points="239,1376 906,1365"/>
        <pc:TextEquiv index="0">
          <pc:Unicode>105 Orten beſucht, u. 864. Geſchwiſter</pc:Unicode>
        </pc:TextEquiv>
      </pc:TextLine>
      <pc:TextLine id="eSc_line_d7ea5c12" custom="structure {type:default;}">
        <pc:Coords points="848,1401 847,1409 900,1411 902,1402 902,1384 848,1384 848,1401"/>
        <pc:Baseline points="848,1401 902,1402"/>
        <pc:TextEquiv index="0">
          <pc:Unicode>u.</pc:Unicode>
        </pc:TextEquiv>
      </pc:TextLine>
    </pc:TextRegion>
  </pc:Page>
</pc:PcGts>
