1000 1641
231 106 548 170 vom Jahr 1805.
710 115 801 165 365.
57 175 757 250 er an leztgedachtem Orte die Son̅tags⸗
57 233 753 305 predigt gehalten hatte, ging er Abends
53 289 763 356 nach Magherafelt, einem Marktflecken,
55 340 773 412 der nur 2 Meilen von Gracefield entfernt
60 397 745 464 iſt, wo aber vorher noch nie ein Bruder
59 448 756 528 gepredigt hat. Auf erhaltene Erlaubniß
62 505 762 580 predigte er im alten Gerichtshauſe, einem
63 559 758 634 zerfallnen Gebäude, vor einem Audito⸗
61 613 763 686 rio von 3 bis 400 Zuhörern mit Herzens⸗
63 671 765 736 angelegenheit, u. ermahnte ſie, das große
62 729 749 798 Heil, das uns im Evangelio angeboten
63 784 743 856 wird, nicht zu vernachläßigen. Er hoft,
66 839 766 906 daß ſein Zeugniß nicht vergeblich gewe⸗
67 892 759 961 ſen iſt, da er von mehrern erſucht wur⸗
69 950 466 1009 de, wieder zu kom̅en.
83 995 774 1065 D. 27t ging er nach Drumargon durch eine
71 1049 774 1121 Gegend, wo die Brüder ehedem mehrere
71 1102 756 1179 Predigtplätze u. einige Capellen, wie
77 1162 765 1228 z. E. in Cockhill, Derryscallop u.ſ.w. ge⸗
71 1215 771 1280 habt hatten, u. von wo einige ſehr würdi⸗
77 1265 775 1335 ge Familien zur Gemeine gekom̅en ſind.
73 1309 784 1402 Aber gegenwärtig ſind die Grafſchaften
699 1352 777 1426 Ty⸗
