1000 1642
215 113 306 169 234.
338 105 836 168 Schreiben des Br. Risler
253 179 930 257 nach Briefen u. Nachrichten von un⸗
253 247 931 308 ſern Lieben an allen Orten. Ganz be⸗
250 300 925 365 ſonders theilnehmend gedenken wir
252 361 920 423 jezt ihrer, u. haben uns auch ihres
249 413 931 480 Andenkens u. Gebets in unſern Trüb⸗
251 469 550 536 ſalen getröſtet.
291 527 929 592 Wer hätte das gedacht, daß wir an
248 585 894 645 unſerm ſtillen Oertchen von den
246 637 911 703 Kriegs⸗Trubeln ſo viel zu erfahren
250 697 930 759 bekom̅en würden! Doch der Herr hat
247 753 935 816 Seine Hand über uns gehalten, u. uns
246 809 930 871 bis hieher durchgeholfen. Sein Name
247 856 950 935 ſey hochgelobet! Aber Angſt, Schrecken,
241 919 934 984 Kum̅er, Unruhe, Noth u. Sorgen von
244 976 918 1034 mancherley Art, u. bedeutende Ver⸗
244 1029 937 1087 luſte haben wir erlitten. — Die ſchwer⸗
242 1085 939 1144 ſten Tage waren der 8te, 9te u. 10te Oct.
244 1140 927 1201 Tag u. Nacht war die Straſſe mit Franzö⸗
242 1201 891 1263 ſiſchen Reitern oder Fußvolk wie be⸗
242 1254 929 1319 deckt, unſer Oertchen damit angefüllt;
240 1312 927 1380 um uns herum, ſelbſt im Ort bey gro⸗
851 1366 908 1420 ßen
