1000 1641
147 117 196 181 20.
206 113 871 165 Von Stockholm 1801, 1802 u 1803.
201 198 906 257 ihn bald als einen der vorzüglichſten Seeoffiziere
196 252 906 308 aus, u erwarben ihm das Zutrauen Sr Majestät
195 300 905 358 des Konigs Guſtavs des dritten, u des Groß⸗Ad⸗
192 355 905 411 mirals Herzogs Carl. Die größten Verdienſte
194 410 889 470 um ſein Vaterland erwarb er ſich am Ende
195 466 910 524 ſeiner militäriſchen Laufbahn in dem letzten
195 519 900 579 Ruſſiſchen Kriege. Jm Jahre 1790 den 12ten May
192 578 904 629 deckte er auf der Rhede von Reval als Conter⸗
197 624 900 682 Admiral das Admiral⸗Schiff des Herzogs Carl;
199 684 906 742 worauf er mit ſeinem völlig entmaſteten Schiffe
196 737 905 789 nur wie durch ein Wunder in die offene See
199 791 906 850 entkam, u ſich mit ſeiner Flotte vereinigte.
197 843 899 898 Kaum hatte er mit angeſtrengter Arbeit ſein
195 901 895 958 Schiff wieder in Stand geſetzt, ſo war er am
207 952 891 1008 3ten Juni aufs neue den ganzen Tag dem
199 1007 887 1062 Feuer der Ruſſiſchen Flotte ausgeſetzt, u
195 1062 900 1118 mußte Tages darauf beym Angriff der Flotte
196 1114 896 1172 vor Cronſtadt allein das Feuer der ganzen Ruſ⸗
199 1168 887 1223 ſiſchen Avantgarde aushalten. Am meiſten
199 1223 893 1279 zeichnete er ſich aber am 3ten July aus, bey
197 1275 897 1331 dem gefahrvollen Rückzuge der Schwediſchen
195 1327 887 1384 Flotte von Wiborg, bey welcher Gelegenheit
849 1382 883 1430 er
