1000 1640
62 120 715 176 Schreiben von Br. Kluge, April 1806
749 130 818 174 131.
57 206 746 271 ohne weiteres mit ihnen fort zu dem verſam̅elten
53 269 745 319 Jndianervolke nach Woapikamikunk. Nun waren
53 323 757 374 wir ganz allein; die neugetaufte Han̅ah war aus
59 373 757 435 Furcht u Aberglauben ſchon vorher zu den verſam⸗
59 431 757 488 melten Wilden gegangen. Was wir dabey fühlten,
59 485 756 543 läßt ſich nicht beſchreiben, beſonders weil wir nicht
60 535 756 596 wußten, was ihre eigentliche Abſicht mit unſerm
58 588 762 656 Joſua ſey. Jn dieſer Angſt fleheten wir zu Gott
66 644 769 706 unſerm Heiland, daß Er ſich doch über uns u unſern
64 696 760 760 armen Joſua, der in den Händen der Wilden ſey,
66 749 762 809 in Gnaden erbarmen wolle; wobey uns die Tages⸗
67 805 668 873 looſungen zu beſonderm Troſte gereichten.
113 860 762 918 Endlich hörten wir den 13ten folgendes: Als
69 909 770 971 Joſua dem alten Chief Tettpachſit vorgeſtellt wurde,
72 964 772 1023 u ihm von dem Ungrund ſeiner Ausſage vor allem
71 1015 768 1076 Volk überführte, ſagte der alte Chief, er habe dieſes
74 1066 775 1131 nur aus Angſt geſagt, um das wilde Volk ein wenig
73 1120 772 1179 zu beruhigen, u aus der Marter zu kom̅en. Jo⸗
72 1175 763 1233 ſua wurde nun hievon freygeſprochen. Den̅och
71 1230 785 1288 ließen ſie ihn nicht nach Hauſe gehen, ſondern er mußte
68 1276 768 1333 warten, bis ihr Wahrſager, der Shawano, käme.
71 1329 783 1394 Als dieſer nun noch denſelben Tag angekom̅en war,
684 1373 774 1424 mußten
