1000 1640
97 100 629 177 und Hope in Jerſey. 1805.
708 126 775 184 171.
54 180 725 259 Fäſſern fiel auf ihn u. quetſchte ſeine
44 239 733 317 Hüfte, doch ohne weitern Schaden, als daß
47 298 703 366 er lang einen Schmerz daran fühlte.
45 348 731 422 Jm October des Jahres 1800. zog er hieher
47 401 728 476 nach Bethlehem zu ſeinen Kindern, den
45 456 752 530 Geſchw. Severings, um ſeine noch übrigen
48 516 733 585 Tage in mehrerer Ruhe zu verbringen.
103 564 735 640 Jn Nazareth entſchlief am 2t Apr.
52 618 742 688 der verh. Br. Joh. Jacob Christ in ſeinem
52 676 727 745 65t Jahre. Er war im Würtenbergi⸗
52 733 742 802 ſchen geboren, u. als Knabe mit ſeinen
51 786 730 856 Eltern nach Nord⸗Amerika gezogen.
52 837 731 910 Hier bekam er mit denſelben Erlaub⸗
55 892 730 964 niß nach Bethlehem zu ziehen, u. lernte
54 944 737 1015 daſelbſt die Hutmacher⸗Profeßion. Als
55 994 724 1070 im Nov. des Jahres 1763. die beyden Jn⸗
57 1055 727 1120 dianer⸗Gemeinen in Wechquetank u.
56 1107 739 1177 Nain wegen der ihnen drohenden Gefahr
58 1168 737 1230 auf Anweiſung der Regierung ſich nach
61 1211 746 1288 Philadelphia in Sicherheit begeben ſolten,
61 1271 741 1340 ſo erhielt er nebſt einigen andern Brü⸗
61 1327 749 1394 dern, den Auftrag, dieſe nicht nur wegen
675 1371 735 1433 der
