1000 1640
169 99 554 169 Gemeinen. 1805.
712 112 790 170 185.
51 177 726 250 buch gegeben, u. ihm dabey gewünſcht,
47 233 722 307 daß ihm der Gebrauch dieſes Büchleins
48 296 736 362 dazu geſegnet werden möge, den Heiland
48 348 729 413 als ſeinen Verſöhner ken̅en zu lernen u.
46 399 478 465 durch ihn ſelig zu werden.
94 446 728 522 Nachdem das für die hieſige Penſions⸗
50 504 701 574 Mädchen⸗Anſtalt nun erbaute Haus,
53 560 704 627 zu welchem man am 3t Oct. 1803. den
51 612 711 685 Grundſtein gelegt hatte, in Zeit von 1¾
58 666 729 738 Jahren glücklich vollendet, u. zum Bewoh⸗
54 725 707 793 nen in Stand geſezt worden war; ſo
57 777 738 845 wurde daſſelbe am 16t July feyerlich ein⸗
59 830 731 904 geweiht u. bezogen. Es verſam̅elten ſich
60 885 709 957 zu dem Ende Nachmittags um 1 Uhr die
58 942 742 1010 Geſchwiſter der hieſigen Aelteſtencon⸗
60 992 742 1065 ferenz, die übrigen Arbeiter der Wachau⸗
61 1055 729 1118 iſchen Gemeinen, u. die Penſionaires u.
61 1102 751 1173 Schul⸗Mägdlein nebſt ihren Vorgeſezten
61 1157 743 1220 auf dem Saale im Gemeinhauſe, aus wel⸗
61 1213 726 1277 chem ſie dann in Proceſſion in das neue
62 1260 739 1332 Haus, u. zwar auf den Schlafſaal deſſel⸗
63 1317 752 1392 ben zogen, wo ſich die anweſenden Eltern
676 1361 746 1431 der
