1000 1641
222 111 528 166 vom Jahr 1805.
725 110 799 162 387.
56 178 739 248 deren 15 ſind, in der nahen Gnadenge⸗
56 229 727 302 genwart des Hlds begangen wurde.
52 288 757 359 Nachmittags predigte ich auf Anſuchen ein
56 346 739 409 zweytesmal. Den folgenden Tag ver⸗
54 394 749 468 brachte ich in dem Hauſe des HE. Mayne,
55 452 759 520 der von ſeinen Jugendjahren her noch im⸗
55 512 779 571 mer eine Liebe für die Brüder behalten
55 557 741 630 hat, u. deßen beyde Töchter kürzlich aus
58 616 733 680 der Erziehungs⸗Anſtalt in Gracehill
63 669 739 732 zurück gekom̅en waren, wo ſie etwas
62 719 770 792 aufgefaßt zu haben ſcheinen, was ſich nicht
65 773 739 843 ſo leicht wieder verlieren wird. D. 5t
61 825 759 897 Nov. verbrachte ich größtentheils mit Be⸗
64 878 763 950 ſuchen bey den Geſchwiſtern in ihren Häu⸗
65 938 774 1004 ſern. Die hieſige Gemeine iſt in jeder Rück⸗
69 996 755 1061 ſicht ſehr in Verfall gerathen. Einige un⸗
69 1048 759 1110 ſrer Geſchwiſter an dieſem Orte ehren
72 1094 747 1161 daſ Wort Gottes das ſie beken̅en, auch
70 1148 775 1214 durch ihren Wandel; über andre aber kön⸗
71 1209 739 1272 nen wir nur zum Hld ſeufzen u. ihn
73 1259 775 1327 bitten, daß er ihre Tage erneuern wolle
75 1310 759 1382 wie vor Alters. Ueber dieſe Materie
718 1361 764 1413 re⸗
