1000 1642
80 98 765 164 Von Stockholm 1801, 1802 u 1803.
772 111 824 158 23.
74 186 778 253 ſein lebhafter Witz, ſein ſtarker u geſunder Kör⸗
73 239 777 311 perbau u ſeine muntere Laune, zugleich mit
72 290 783 362 den Verführungen, denen er bey ſeinem Berufe
74 348 788 422 ausgeſetzt war, u mit der ſeinem thätigen Geiſte
75 405 776 476 ſo undienlichen Geſchäftsloſigkeit während der
73 456 786 524 letzten Jahre ſeines Lebens verwickelten ihn
76 510 787 581 in Schwierigkeiten, u ſetzten ihn Gefahren aus,
76 568 787 635 von welchen viele andre Menſchen ganz verſchont
77 619 783 685 bleiben. Aber niemals von ſeiner früheſten
82 670 793 748 Jugend an hat er lange ungeſtört auf ſeinen
83 729 784 801 Jrrwegen fortgehen kön̅en. Vielmehr wurde
82 784 793 850 er mitten in ſeinen Verirrungen jedesmal
83 840 790 908 mächtig aufgeſchreckt, u zum ernſtlichen Nach⸗
85 893 790 956 denken über ſich ſelbst gebracht. Dan̅ hatte er
92 941 770 1010 oft ſelige Zeiten, in welchen ſein Mund
90 990 798 1064 überging vom Preiſe der erbarmenden Gnade
93 1047 798 1118 Gottes. Er verkündigte dan̅ mit Wärme vor
94 1100 790 1170 jederman̅ die Seligkeit eines verſöhnten
96 1150 802 1221 Sünderherzens. „So iſt es, ſetzte er dan̅ wol
95 1205 798 1271 mit Thränen hinzu, u ſo muß es jeder er⸗
97 1256 801 1327 fahren kön̅en, aber ich für meinen Theil
100 1309 805 1382 ſtehe noch nicht in dem vollen Genuſſe davon.“
742 1351 799 1420 Fol⸗
