1000 1643
216 105 297 160 194.
419 94 708 175 Wachauiſche
243 177 921 237 ſelben langten im Jahr 1769. in der Wa⸗
241 230 896 293 chau an. Sie hatten das Unglück gehabt,
240 285 915 346 an der Virginiſchen Küſte Schiffbruch zu
239 338 923 407 leiden, waren jedoch durch Gottes gnädige
239 397 910 454 Bewahrung alle beym Leben erhalten
239 449 919 509 worden, u. hatten auch ihre mehreſten Sa⸗
238 501 916 566 chen gerettet. Jm Jahr 1770. folgten ih⸗
237 558 894 614 nen noch mehrere Familien nach, u. nun
237 612 887 671 entſchloſſen ſie ſich an der Südoſtecke
238 667 905 732 der Wachau eine eigne Niederlaßung
235 726 908 784 anzufangen. Das Jahr darauf wurde
233 776 915 842 in Gegenwart der Brr. Christian Gre⸗
234 833 900 893 gor u. Johan̅es Loretz aus der Unitäts⸗
231 886 883 946 Aelteſten⸗Conferenz, die nebſt dem
231 939 915 998 Br. Hans Chr. v. Schweiniz in der Wachau
231 995 908 1056 beſuchten, der Platz zu einem Schulhauſe
230 1051 908 1111 beſtim̅t, u. der Niederlaßung der Name
231 1105 915 1171 Friedland gegeben. Jm Jahr 1775. wurde
231 1165 913 1223 mit 14 Paaren von Eheleuten eine Soci⸗
229 1216 871 1276 etät geſchloſſen, u. am 3t Sept. 1780.
230 1271 900 1331 wurde dieſe Societät, die bereits auf
226 1333 910 1392 einige u. 40 Perſonen angewachſen war
842 1376 912 1417 von
