1000 1640
196 110 597 177 Gemeinen. 1805.
694 120 774 175 179.
39 185 723 253 James Vann, der Nachbar unſrer Ge⸗
41 237 722 312 ſchwiſter in Springplace war ihm be⸗
41 295 733 363 kannt. Der andre von den genan̅ten
39 344 721 415 Chiefs ging mehr nach Jndianiſcher Art
42 400 722 470 gekleidet. Dieß waren die erſten Che⸗
42 453 718 529 rokees, welche ſolang Salem ſteht, hie⸗
41 517 373 581 her gekom̅en ſind.
101 558 715 636 Jn Bethanien erfuhren in dieſem
46 616 701 686 Monat einige Kinder beſondere Be⸗
48 669 721 742 wahrungen ihres Lebens. Ein kleines
47 726 722 798 Mägdlein, da es über die Straße ging,
49 781 721 846 wurde von einem Pferde überrannt,
50 830 724 910 ohne jedoch die geringſte Verletzung zu
49 892 721 954 bekom̅en. Ein Knäbchen fiel vom Heu⸗
51 944 748 1012 boden herunter, wurde ohne Bewußtſeyn
51 1004 726 1069 aufgehoben, hatte aber dennoch keinen
50 1050 729 1127 Schaden genom̅en. Ein drittes Kind hat⸗
52 1107 728 1176 te das Unglück, beym Aufſteigen auf
55 1158 706 1231 ein Pferd, welches unter ihm weglief,
57 1215 731 1288 zu fallen u. ſeinen rechten Arm zu bre⸗
54 1281 153 1342 chen.
92 1317 701 1398 Am 22t May ſtattete der Pfarrer
639 1363 725 1432 Hin⸗
