1000 1642
182 110 286 173 340.
286 99 919 162 Diarium von Gracehill in Jrland
224 185 922 248 cietäts⸗ u. Gemein⸗Verſam̅lung. Des
220 242 927 302 Abends hatten 9 junge led. Man̅sperſo⸗
225 296 928 353 nen, davon 3 mit uns in Verbindung ſte⸗
223 349 924 414 hen, nach einer von Br. Schirmer kürzlich
223 405 918 470 angefangenen Einrichtung, ein gemein⸗
223 461 927 526 ſchaftliches Theetrinken auf ſeiner Stube.
223 516 950 579 Es ſind alles Leute, von denen man glauben
218 571 897 636 kan, daß es ihnen ein Ernſt iſt, nach der
219 622 923 688 Gottſeligkeit zu ſtreben. Möge der Hld
221 680 927 745 ihre Zuſam̅enkünfte ſegnen, u. dieſelben
223 735 924 806 zu gegenſeitiger Ermunterung u. Erbau⸗
220 792 939 853 ung gereichen laſſen. Nach dem Theetrinken
218 841 903 907 hielt ich ihnen eine kurze Rede über die
216 893 925 961 Liebe Jeſu, der ſich nicht ſchämt uns Brüder
218 950 926 1023 zu heiſſen. Der folgende Tag wurde haupt⸗
218 1008 900 1076 ſächlich mit Beſuchen der Geſchwiſter in
218 1060 913 1128 ihren Häuſern verbracht. D. 5t ging ich
214 1115 921 1178 nach Kilwarlin, wo ich eine öffentliche Pre⸗
218 1171 921 1238 digt hielt, zu der ſich eine hübſche Anzahl Zu⸗
217 1227 908 1293 hörer eingefunden hatte. Hierauf hielt
217 1283 916 1345 ich eine Rede an die Mitglieder der Gemei⸗
211 1335 918 1403 ne u. Societät. Die Zahl derjenigen, die mit
849 1386 908 1425 uns
