1000 1641
38 127 752 203 Berichte Engliſcher Gemeinen, 1804 u 1805.
747 148 805 202 113.
80 220 731 276 Nachdem in den Jahren 1738 u 39 durch Whitfields
38 268 729 328 und Wesleys Predigten in Briſtol u der umliegenden
41 325 723 382 Gegend eine Erweckung entſtanden war, wurden
38 383 727 440 mehrere dieſer Erweckten nach u nach mit den Brü⸗
37 434 725 488 dern bekan̅t, indem verſchiedene Brüder theils blos
38 488 729 541 in Bristol beſuchten, theils eine Zeitlang daſelbſt blie⸗
38 542 738 598 ben u Verſam̅lungen hielten. Jm Juny 1754 machte
39 594 735 650 der ſel. Graf v. Zinzendorf einen Beſuch in Bristol,
40 652 736 704 hielt ein Liebesmal mit allen, welche die Verſam̅⸗
37 704 733 761 lungen der Brüder bisher beſucht hatten, u die ſich
41 761 737 816 näher mit der Brüdergemeine zu vereinigen wünſch⸗
37 812 734 874 ten; Er ſprach dieſelben hierauf einzeln, u drang
37 866 731 928 darauf, daß ſie ſich zur Engliſchen Kirche halten
38 920 737 980 möchten. Da ſie aber ſäm̅tlich bezeugten, daß ſie
49 976 742 1036 ſich in ihrem Herzen aufgefordert fühlten, ſich an die
43 1027 739 1088 Brüdergemeine anzuſchließen; ſo verſprach er die
41 1079 750 1140 Sache in nähere Ueberlegung zu ziehen. Viele von
40 1133 748 1191 dieſen Freunden der Brüder wendeten ſich hierauf
44 1186 745 1246 ſchriftlich an den Synodus, welcher in dieſem Jahre in
43 1237 742 1297 Linſeyhouſe gehalten wurde, u hier wurde dan̅
43 1290 754 1354 auf Anweiſung des Heilandes der Entſchluß gefaßt,
46 1344 749 1410 in Bristol eine Gemeine zu errichten. Nachdem
681 1398 744 1461 nun
