1000 1643
216 113 297 167 192.
410 96 711 175 Wachauiſche
240 179 916 245 ſelbſt nieder. Jezt wurde der Bau ei⸗
236 237 919 304 nes Verſam̅lungshauſes für Engliſche
235 301 920 355 Geſchwiſter u. Freunde unternom̅en, u.
236 347 924 412 im Merz des Jahres 1780. zogen die Geſchw.
233 400 919 469 Fritzens, noch ehe das Haus völlig fertig
236 461 921 519 war, ein. Der Platz bekam den Namen
234 510 920 575 Hope (Hoffnung), u. es wurde fürs erſte
236 566 936 633 durch Br. v. Marſchall eine Societät daſelbſt
236 626 914 685 eingerichtet. Bey Gelegenheit aber, daß
234 673 922 739 Geſchw. Joh. Friedr. Reichels aus der Uni⸗
233 730 920 792 täts⸗Aelteſten⸗Conferenz einen Beſuch
233 785 901 848 in der Wachau machten, bekam dieſer
231 840 932 902 Ort die Einrichtung einer Brüdergemeine.
266 893 890 959 Dieß geſchah am 26t Aug. 1780. an
231 950 921 1012 welchem Tage die Loſung hieß: Die brü⸗
232 1007 918 1068 derliche Liebe unter einander ſey herz⸗
231 1055 921 1122 lich. Röm. 12, 10. Du ſüſſe Liebe, ſchenk uns
230 1112 921 1176 deine Gunſt, laß uns empfinden der Liebe
228 1172 909 1233 Brunſt, daß wir uns von Herzen einan⸗
231 1231 911 1287 der lieben, u. in Friede auf einem Sinne
230 1282 390 1346 bleiben.
272 1326 901 1402 Jn dem ſeitdem verfloßenen Zeit⸗
826 1385 922 1427 raum
