1000 1641
140 114 177 182 22.
194 106 888 157 Von Stockholm 1801, 1802 u 1803.
190 195 909 253 zog ſich in die Stille zurück, u wohnte zuerſt einige
189 250 880 301 Zeit in Wadſtena u dan̅ in Norköping, an
187 299 896 354 welchem letztern Orte er mit ſeiner nun hin⸗
186 354 895 405 terlaſſenen Witwe, einer gebornen Baroneſſe
184 411 892 460 Sparre, im̅er ein freundſchaftsvoller u liebrei⸗
189 461 893 516 cher Wirth aller durchreiſenden u beſuchenden
187 513 861 574 Geſchwiſter geweſen iſt. Von Norköping aus
186 566 887 626 machte er auch öfters Beſuche in Stockholm.
184 622 894 679 Der ſelige Bruder iſt hier im Lande allgemein
186 674 889 740 bekan̅t geweſen. Er wurde von vielen geſchätzt,
188 733 887 792 u von manchen beynahe zum Heiligen erhoben;
186 788 890 848 mehrern aber iſt er ein unbegreifliches Räthſel
187 840 883 902 geblieben. Jm rechten Lichte u bey genauer
183 894 885 955 Betrachtung deſſen, was in ſeinem Jn̅ersten
187 947 881 1002 vorging, fand man an dem ſeligen Bruder
187 998 891 1057 einen ausgezeichneten Beweis von der Wirk⸗
187 1053 883 1113 ſamkeit der zuvorkom̅enden Gnade Gottes,
185 1107 857 1167 unter deren Einfluß er während ſeines
188 1160 876 1225 ganzen Lebens ſtand, ungeachtet er ſelbſt u
187 1216 885 1272 ſeine Gemüthsart derſelben mancherley Hin⸗
187 1272 881 1328 derniſſe in den Weg legten. Sein heftiges
190 1322 893 1382 Temperament, ſeine feurige Einbildungskraft,
837 1372 883 1412 ſein
