1000 1643
173 127 243 182 102.
257 125 873 204 Beſuch in Mähren, April 1806.
227 211 913 263 für ſie, wen̅ es auch bekan̅t wurde, deßhalb zu
224 258 919 317 befürchten ſey, eine Erbauungsſtunde gehalten
224 310 925 368 wurde; zu deren Schluß wir uns zum Treuſeyn
221 365 924 419 bis ans Ende mit einander verbanden, u den
226 417 925 474 Heiland in einem Gebet auf den Knien anflehten,
220 471 930 531 doch im̅er mehrere herbeyzubringen, u dieſes Häuf⸗
220 525 927 586 lein bey ſich zu erhalten u zu bewahren, damit
226 581 929 639 Jhm dereinſt keines fehle, u wir uns alleſam̅t vor
222 641 927 695 Seinem Throne wieder finden möchten; wobey viele
220 695 919 749 Bewegung u die beſondere Nähe des Heilandes zu
222 752 926 807 ſpüren war. Nach einem herzlichen Abſchied mit
217 803 927 860 dieſen lieben Geſchwiſtern, wobey ſie um wieder⸗
219 859 920 916 holten Beſuch u nähere Anfaſſung von unſrer
217 907 932 972 Gemeine anſuchten, tren̅ten wir uns von ihnen,
217 961 931 1030 u gingen am 29ſten Morgens nach Randenberg,
218 1018 906 1069 wo wir bey dem alten Bruder Tobias Chriſt
218 1075 913 1130 einen kurzen Beſuch abſtatteten, u ihn nebſt
214 1130 922 1189 ſeiner Frau u ſeinem verheiratheten Sohne recht
212 1182 917 1236 heiter u wohl antrafen. Da dieſer liebe Greis
214 1236 920 1292 mit ſeiner Familie hier der einzige Einwohner
213 1289 915 1349 iſt, der ſich zur evangeliſchen Kirche hält, ſo ken̅t
209 1345 929 1402 man ihn auch im ganzen Orte blos unter dem Namen:
857 1390 906 1441 der
