1000 1641
219 109 875 167 Von Stockholm 1801, 1802 u 1803.
158 118 203 175 32.
205 194 905 248 unter Christen und Heiden zu befördern. Be
208 247 899 303 ſonders wird es auch bey hiesiger Societät
207 301 908 349 in im̅erwährendem Andenken bleiben, mit
206 350 917 410 welcher Treue u mit welchem Aufwande von
204 404 903 459 Kosten und Mühe er von Anfang an das Beste
204 460 874 517 derselben zu befördern gesucht hat, u mit
203 515 905 571 welcher milden Freygebigkeit er ſowol unsre all⸗
207 569 892 623 gemeinen Bedürfniſſe, als auch die besondern
203 621 888 679 Bedürfniſſe unsrer Armen unterstützt hat.
210 675 905 733 Zu der bey unsrer Societät befindlichen Ar⸗
202 734 889 788 mencasse legte er den erſten Grund, u
201 789 903 840 verwaltete dieſelbe viele Jahre lang mit vie⸗
205 842 904 894 lem Vergnügen. Eine besondere Freude war
205 897 903 948 es ihm, erbauliche Bücher zu verbreiten, die
206 948 905 1004 er im ganzen Lande umſonst austheilen ließ;
206 1005 902 1057 wie er den̅ noch in dem letzten Jahre ſeines
206 1058 897 1113 Lebens 150 Exemplare von dem hiſtorischen
201 1111 907 1165 Auszug aus den Büchern des alten Testaments
203 1161 895 1217 nach verſchiedenen Orten des Landes verſchickt
205 1219 896 1273 hat. Jn dieser, sowie in allen andern Orten
200 1271 887 1331 der Wohlthätigkeit, würde er ohne Zweifel noch
207 1323 863 1384 weiter gegangen ſeyn, wen̅ nicht bedrängte
822 1367 892 1415 Um⸗
