1000 1641
198 103 531 165 vom Jahr 1805.
707 105 812 166 357.
55 173 742 249 gehen, den Sontag dort zu verbringen,
52 225 750 301 u. am Montag, wen̅ das Pferd ſich erholt
52 277 762 356 hätte, nach Mourne zu reiten. Dieſen Plan
54 329 749 412 führte ich ungeachtet eines heftigen Re⸗
59 386 743 466 gens aus, u. hielt den folgenden Tag die
57 444 750 517 Predigt u. eine Verſam̅lung für die So⸗
55 491 720 567 cietät in Kilwarlin, wobey ein ſeliges
57 549 752 626 Gefühl waltete. Montags früh ging ich, da
59 602 756 679 mein Pferd ſich wieder ziemlich erholt hatte,
62 661 745 733 in Geſellſchaft des Br. West, quer durchs
62 713 766 790 Land über Rathfriland nach Mourne, u. zwar
65 771 760 838 auf einer neuen Straße, die mitten durch
69 816 729 891 die Kette der Evagh⸗Berge läuft. Die
68 874 760 948 Ausſichten auf dieſem Wege ſind ſehr auf⸗
72 931 775 1003 fallend. Die Spitzen der Berge waren meiſt
72 981 751 1057 mit Schnee bedekt, u. an den Berglehnen
74 1034 759 1113 weideten hin u. wieder Schaafe. Auf der
75 1084 764 1166 ganzen Strecke iſt keine menſchliche Woh⸗
74 1140 772 1218 nung zu ſehen. Den folgenden Tag beſuchte
76 1203 761 1272 ich die meiſten unſrer hieſigen Freunde, u.
79 1248 776 1329 ging Abends in Geſellſchaft des Br. O'Har⸗
80 1303 786 1391 ril nach dem ſogenanten Low End, 5 Meilen
697 1351 774 1403 von
