1000 1642
195 100 292 159 268.
311 100 882 172 Br. Gregors Beſuch auf den
236 182 931 243 wie er mir erzählte, mit ſeiner ſeligen
234 236 918 291 Frau u. ſeinen Kindern öfters beſucht
232 287 916 345 hatte. Nachdem wir durch die ſchönſten
231 341 913 400 Gänge unter Linden, Buchen u. Birken
232 400 917 459 hindurch gegangen waren, kamen wir
229 458 914 517 am Fuß eines Hügels auf einen etwas
229 510 912 566 freyen Platz zu einer Quelle, wo wir
227 566 906 625 uns niederſezten. Wir hatten auf die⸗
226 615 864 677 ſer Stelle etwa eine Viertelſtunde
224 669 916 733 lang geruht, als kurz nach einander zwey
225 726 912 785 wie Ruſſiſche Bauern gekleidete Kerls
225 785 910 837 auf uns zukamen, aus der Quelle tran⸗
222 839 914 896 ken, u. dann wieder ihres Weges gingen.
223 893 912 947 Der erſte derſelben befragte uns auf
218 942 907 1002 Ruſſiſch um den Weg nach einem unweit
223 1001 879 1060 davon gelegenen Dorfe. Als ſie ſich
220 1059 904 1119 entfernt hatten, begaben auch wir uns,
218 1110 915 1173 ohne etwas ſchlim̅es zu ahnen, auf den
212 1161 883 1227 Rückweg. Schon hatten wir den Wald
217 1228 905 1282 verlaſſen, u. waren etwa noch eine gu⸗
214 1272 900 1330 te Viertelſtunde von der Colonie ent⸗
216 1327 888 1392 fernt, die aber wegen einer davor
814 1369 895 1412 lie⸗
