1000 1641
715 120 797 164 327.
117 178 712 253 No 15. des Erſten Theils der
61 230 764 308 Gemein⸗Nachrichten vom Jahr 1806.
87 291 763 354 Diarium der Gemeine zu Gracehill
174 354 644 418 in Jrland vom Jahr 1805.
69 403 737 467 Den 2t Jan. machten die Brr. Hartley
61 456 759 525 u. Montgom̅ery einen Beſuch auf dem Lan⸗
59 510 757 583 de. Sie gingen zuerſt nach Gilgorm Parks,
62 566 760 635 u. tauften ein Kind, u. ſodan̅ weiter nach
60 619 751 691 Ballyclosh, wo ſie einer alten Witwe
64 670 743 743 von 95 Jahren u. ihren beyden Töchtern
65 729 773 796 das heil. Amhl reichten. Auf dem weitern
62 776 778 854 Wege nach Douglastown hörten ſie von
63 835 768 909 einer alten Frau von 108 Jahren, u. fühl⸗
65 891 749 963 ten ſich angeregt, dieſelbe zu beſuchen.
68 948 751 1014 Sie ſtellte in der That ein Beyſpiel von
71 997 765 1071 großem menſchlichen Elende dar, denn ſie
69 1055 769 1127 lag ganz einſam u. halb verhungert in ei⸗
72 1104 771 1174 ner armſeligen Hütte, u. ihrer Seele nach
75 1159 774 1231 ſchien ſie in einem noch kläglichern Zuſtan⸗
73 1213 770 1285 de zu ſeyn. Es wurde nachdrücklich mit ihr
77 1268 772 1341 geſprochen, u. ſie in einem Gebet unſerm
78 1314 774 1399 barmherzigen Hld empfohlen. Auf dem
688 1354 781 1424 Rück⸗
