1000 1641
245 105 571 165 vom Jahr 1805.
718 112 796 162 331.
58 169 767 257 ſind. Jch predigte vor ungefähr 60 Perſonen
53 227 750 298 von dem Blute des Lam̅es, das uns reini⸗
54 282 756 361 get von Sünden. Die Gemeine zu Ballin⸗
52 339 747 415 derry iſt ſeit mehrern Jahren im Abneh⸗
57 397 754 474 men. Es gehören gegenwärtig nicht mehr
57 453 756 525 als 43 Com̅unicanten dazu, u. ins Ganze
61 504 745 581 ſtehen nicht 100 Perſonen, klein u. groß,
57 557 740 624 mit uns in Verbindung. Anfänglich war
62 613 759 689 dieſes die lebhafteſte u. blühendſte unter
62 664 761 740 allen unſern Gemeinen im nördlichen Jr⸗
63 724 753 795 land, u. die allgemeinen Verſam̅lungen,
67 776 764 851 welche 4 wöchentlich für ſämtliche Gemein⸗
71 828 739 904 u. Societäts⸗Glieder in allen Engl. Ge⸗
70 885 766 959 meinen gehalten werden, wurden gewöhn⸗
72 937 743 1011 lich hier gehalten. Nach der Zeit wurden
75 992 765 1064 einige Familien u. die Bewohner der bey⸗
75 1045 767 1123 den Chorhäuſer, verſchiedener Urſachen
78 1099 769 1172 wegen, nach Gracehill u. Gracefield ver⸗
79 1151 791 1227 ſezt, u. von den zurückbleibenden geriethen
79 1205 760 1278 viele Mitglieder der Gemeine in einen
81 1258 765 1338 trägen, laodicäiſchen Gang, u. hängen zu
83 1317 624 1395 ſehr an den Dingen dieſer Welt.
687 1341 765 1393 D. 11t
