1000 1643
152 123 211 193 116.
218 113 922 169 Berichte Engliſcher Gemeinen 1804 u 1805.
216 206 923 262 mehrere Beyſpiele, daß der Heiland ſeinen Segen auf
211 258 919 317 dieſe Krankenbeſuche gelegt hat. So beſuchte Br. Swert⸗
215 317 918 366 in Bristol mehreremale einen Herrn, der zwar
215 365 910 424 in den letzten Jahren ſolche Kirchen beſucht hatte, wo
215 421 919 474 er das Evangelium hören kon̅te, den̅och aber gedachtem
212 473 922 533 Bruder klagte, daß die in ſeiner Jugend eingeſogenen
213 529 915 588 verkehrten Grundſätze ihn nicht zu der feſten Ueber⸗
214 586 914 640 zeugung kom̅en ließen, die er ſich wünſchte. Er war
212 637 909 690 ſehr dankbar dafür, wen̅ Br- Swertner ihm Troſt
210 691 915 751 zuſprach, oder mit ihm betete. Seine Geduld u Erge⸗
208 750 916 807 bung bey einer langwierigen u ſchmerzhaften Krank⸗
210 803 905 858 heit war ſehr erbaulich. Niemals hörte man eine
209 855 912 916 andere Klage von ihm, als über ſein ſündiges u har⸗
204 909 913 970 tes Herz. Noch in der letzten Nacht vor ſeinem Ver⸗
212 966 915 1018 ſcheiden bat er um einen tiefern Eindruck von dem
206 1015 741 1073 Verdienſt des gekreuzigten Heilandes.
269 1073 905 1127 Ein anderes Beyſpiel der Gnade des Heilandes
207 1124 904 1179 gegen Sünder ſahen die Geſchwiſter in Bristol an
204 1178 897 1232 einem Bürger dieſer Stadt, der, wiewol er beynahe
206 1226 905 1283 ein Alter von 60 Jahren erreicht hatte, bisher unbe⸗
201 1282 903 1335 küm̅ert um ſein Seelenheil geblieben war. Da er
200 1336 901 1398 plötzlich von einer heftigen Krankheit befallen wurde,
850 1377 900 1419 u
