1000 1643
222 104 313 157 168.
365 97 872 156 Bethlehem, Nazareth,
242 185 931 244 im Stande geweſen wäre, mir von ihm
242 233 909 303 zu erbitten. Jch liebe ihn u. danke ihm
237 290 897 357 dafür, ich bin aber u. verbleibe ſeine
237 343 929 418 Schuldnerin. Selbſt Ewigkeiten werden
240 407 924 471 zu kurz ſeyn, ihm den gebührenden Dank
238 460 922 523 abzuſtatten; dennoch fühle ich bey dieſer
238 515 925 582 Ueberzeugung ſeinen Gottesfrieden u.
239 573 768 638 meinem Herzen iſt innig wohl.
277 619 909 690 Am 1t Aug. entſchlief in ſeinem 85t
242 672 920 744 Jahre der verh. Br. Joh. Theobald Korn⸗
236 728 921 798 man, welcher die hieſige Weißgerberey
236 782 922 855 eingerichtet, u. derſelben beynahe 50 Jah⸗
237 839 921 905 re mit vieler Treue u. Pünktlichkeit vor⸗
235 898 938 961 geſtanden hat. Er war im Elſaß geboren,
237 949 919 1018 wurde auf ſeiner Wanderſchaft im Holl⸗
236 1007 918 1073 ſteiniſchen durch die Vorträge eines Bru⸗
236 1058 919 1122 ders aus der Gemeine erwekt, kam im
237 1112 926 1180 Jahr 1749. zur Brüdergemeine nach dem
237 1164 917 1242 Herrnhaag, u. wurde im folgenden Jahre
232 1221 915 1290 mit einer Geſellſchaft von Brüdern nach
235 1283 639 1357 Penſylvanien verſezt.
803 1329 899 1390 Am
