1000 1643
159 120 223 172 90.
245 116 882 172 Beſuch in Mähren, April 1806.
212 200 914 261 Unterredung dieſer Austheilung wegen, depo⸗
207 260 917 313 nirten wir, ſolchem gnädigen Anerbieten ge⸗
206 308 895 366 mäß, allhier eine Sum̅e, welche wir nach
206 369 916 424 Maaßgabe des ganzen Betrags u zufolge der
204 418 906 480 uns ertheilten Jnſtruction für den hieſigen
205 475 918 533 Bezirk, der der Hauptgegenſtand dieſer Unter⸗
204 531 917 586 ſtützung ſeyn ſollte, dienlich erachteten, u er⸗
202 583 919 636 hielten darüber eine ſchriftliche Recognition,
199 635 921 691 worin Se Fürſtl. Gnaden erklärten: beſagtes
201 687 918 744 richtig empfangenes Geld denen Seelſorgern
203 743 913 798 der durch die Kriegsnoth am meiſten verun⸗
206 795 909 853 glückten Gemeinden, ſowol katholiſcher als
208 851 917 909 proteſtantiſcher Religion, zuzuſtellen, u an
200 908 909 963 die Dürftigſten ihrer reſpectiven Kirchkinder
205 964 922 1015 vertheilen zu laſſen, ſodan̅ aber ein genaues
202 1014 913 1072 Verzeichniß von den Orten u Perſonen, an
203 1070 909 1121 die es gekom̅en, der Gemein⸗Direction in
205 1119 905 1176 Gnadenfeld zuzuſenden, wofür wir uns
201 1179 915 1234 in der unbezweifelten Hoffnung, daß hierdurch
198 1230 909 1287 der Plan der Geſellſchaft genau erfüllt werde,
198 1286 905 1345 ſehr dankbar bezeugten. Nach einiger fer⸗
191 1345 894 1402 neren angenehmen Unterhaltung, wobey Se
811 1382 903 1436 Fürſtl.
