1000 1642
167 93 276 143 384.
293 82 910 151 Diarium von Gracehill in Irland
226 167 913 232 ruhen kam, hatte unterwegs das Un⸗
224 225 919 285 glück, daß ihr ein Beutel, der für ſie von
217 274 917 338 Werth war, diebiſcher Weiſe entwendet
218 333 917 392 wurde, u. aller angewandten Mühe unge⸗
219 385 920 446 achtet, konte derſelbe nie wieder ausfin⸗
221 440 921 504 dig gemacht werden. D. 13 Oct. predigte
218 494 920 559 Br. Hartley auf gegebene Veranlaßung in
218 548 916 613 Drumall in einer Scheune vor einem ſehr
217 602 902 673 zahlreichen Auditorio. Das Kirchſpiel Dru⸗
214 655 917 724 mall iſt ſehr weit ausgebreitet, u. die Brü⸗
213 711 924 779 der haben in vorigen Zeiten mehrere Pre⸗
216 771 916 837 digtplätze in dieſer Gegend gehabt. Sie hat⸗
213 831 900 883 ten in Grogan eine Capelle u. ein Schwe⸗
215 877 900 945 ſternhaus, welche ſchon lange verlaßen
213 934 925 997 worden ſind. Obgleich die Brüder in neuern
214 988 910 1057 Zeiten ſich ihrer wenig angenom̅en haben,
211 1046 925 1105 ſo findet man doch bey ihnen ein Verlangen
211 1099 914 1162 u. einen Hunger nach dem Evangelio. Möge
208 1151 905 1216 der Same des göttlichen Worts auf ein gu⸗
206 1205 910 1269 tes Erdreich fallen. D. 20 Oct. hatten wir
207 1257 895 1331 das hier gewöhnliche halbjährige Lmhl.
208 1322 878 1387 Es war dieſes ein beſonderer Gnaden⸗
828 1358 878 1407 u.
