1000 1642
184 110 280 183 330.
295 91 930 162 Diarium von Gracehill in Jrland
230 177 926 249 der vorzüglichſten Leinwands⸗Märkte
227 239 922 297 in dem nördlichen Theil von Jrland. Da
226 290 933 355 nun künftig alle 14 Tage hier gepredigt
224 347 942 410 werden ſoll, ſo bitten wir den Herrn von
222 400 932 467 Herzen, daß er ſeinen Segen darauf le⸗
224 457 934 520 gen wolle. Den 9t trat Br. Hartley eine
223 515 920 575 Beſuchreiſe von 9 Tagen durchs Land an,
223 568 816 629 wovon er folgenden Bericht gibt:
262 619 927 689 Jch ging zu Pferd in Geſellſchaft eines
222 677 913 738 jungen Menſchen von Kilwarlin nach
218 726 926 792 Ballinderry. Auf dem Wege dahin ſtieg ich
220 787 916 849 ab, u. nahm mit ſchwerem Herzen unſre
220 841 920 904 in Ruinen zerfallene Capelle zu Croſs⸗
216 892 913 959 hill in Augenſchein. Ein Theil des Daches
222 948 915 1011 iſt eingeſtürzt, u. der ganze Anblick er⸗
218 1003 918 1065 wekt traurige Bemerkungen. D. 10t be⸗
218 1054 929 1123 ſuchte ich in Geſellſchaft der Geſchw. Schir⸗
218 1118 927 1177 mers, die gegenwärtig in Ballinderry als
213 1165 893 1232 Arbeiter angeſtellt ſind, verſchiedene
218 1227 911 1292 Familien, die zu uns gehören, u. die zum
218 1274 906 1343 Theil noch werthe Ueberreſte der einſt
216 1330 929 1402 blühenden Gemeine Gottes in Ballinderry
857 1384 923 1434 ſind.
