1000 1643
209 124 298 172 182.
438 115 742 188 Wachauiſche
238 187 905 247 lieren. Er war aus einer Entfernung
235 242 913 307 von 100. Engliſcher Meilen hieher gekom⸗
234 298 916 360 men, um ſich bey unſerm Arzt in die Cur
239 353 465 416 zu begeben.
264 399 905 469 Ein Deutſcher, Namens Kinzer, aus
236 464 916 529 Virginien, der ſich ſeit dem Merz hier auf⸗
235 519 920 579 gehalten hatte, u. in der Zeit von einem
229 572 911 637 Knochenfraß in den Kin̅laden, den meh⸗
233 628 915 686 rere Aerzte für unheilbar erklärt hat⸗
232 683 911 744 ten, durch unſern Br. Vierling glücklich cu⸗
234 733 905 795 rirt worden war, kehrte gleichfalls ge⸗
233 790 917 854 gen Ende May nach Hauſe zurück. Er war
231 847 933 907 während ſeines hieſigen Aufenthalts von
231 894 915 957 Br. Reichel u. andern öfters beſucht, u. in
230 960 909 1015 ſeinem Elend zu Jeſu gewieſen worden.
232 1010 901 1072 Dieſen Zuſpruch nahm er dankbar an, u.
229 1064 901 1124 beſuchte auch, da er etwas beſſer wurde,
229 1112 905 1179 fleißig unſre Verſam̅lungen. Beym Ab⸗
231 1178 905 1237 ſchied war er recht bewegt, u. bezeugte,
230 1225 921 1289 daß er hieſigen Ort, die Hülfe, die er hier
227 1281 921 1344 erfahren, u. den Troſt, den er für ſeine See⸗
227 1338 875 1403 le bekom̅en habe, nie vergeßen werde.
833 1380 914 1430 Eine
