<?xml version="1.0" encoding="utf-8"?>
<pc:PcGts xmlns:pc="http://schema.primaresearch.org/PAGE/gts/pagecontent/2019-07-15" xmlns:xsi="http://www.w3.org/2001/XMLSchema-instance" xsi:schemaLocation="http://schema.primaresearch.org/PAGE/gts/pagecontent/2019-07-15 http://schema.primaresearch.org/PAGE/gts/pagecontent/2019-07-15/pagecontent.xsd" pcGtsId="GT-OCR-GN_1806_1__GN.A.351__88_fa10d">
  <pc:Metadata externalRef="https://images.iiif.slub-dresden.de/iiif/2/data%2Fkitodo%2FNachaudeB_1745047107_1806_1%2FNachaudeB_1745047107_1806_1_tif%2Fjpegs%2F00000089.tif.medium.jpg/full/full/0/default.jpg">
    <pc:Creator>escriptorium</pc:Creator>
    <pc:Created>2024-01-26T14:55:54.820251Z</pc:Created>
    <pc:LastChange>2024-01-26T14:55:54.820263Z</pc:LastChange>
    <pc:MetadataItem type="processingStep" name="recognition/post-correction" value="ocrd-cor-asv-ann-join">
      <pc:Labels externalModel="ocrd-tool" externalId="parameters">
        <pc:Label value="False" type="add-filegrp-comments"/>
      </pc:Labels>
      <pc:Labels externalModel="ocrd-tool" externalId="version">
        <pc:Label value="0.1.14" type="ocrd-cor-asv-ann-join"/>
        <pc:Label value="2.60.2.dev0+gac1f15b3.d20240125" type="ocrd/core"/>
      </pc:Labels>
    </pc:MetadataItem>
  </pc:Metadata>
  <pc:Page imageFilename="88_fa10d_default.jpg" imageWidth="1000" imageHeight="1642">
    <pc:TextRegion id="eSc_textblock_4ac6ed9c" custom="structure {type:text;}">
      <pc:Coords points="798,131 783,181 725,200 765,229 780,758 772,1057 783,1105 776,1411 722,1422 688,1400 557,1392 262,1400 51,1389 40,675 25,633 36,601 29,259 47,222 153,210 123,188 72,181 69,131 94,120 742,116"/>
      <pc:TextLine id="eSc_line_73e7c639" custom="structure {type:default;}">
        <pc:Coords points="74,159 76,179 86,172 134,177 142,178 143,178 179,177 180,177 181,177 182,176 187,172 250,175 285,176 286,176 287,176 292,174 304,169 321,174 330,176 331,176 332,176 383,172 412,170 417,171 430,175 431,175 432,175 433,175 441,171 445,169 454,170 479,174 479,174 480,174 489,169 492,167 494,169 499,173 499,174 500,174 500,174 501,175 533,175 533,174 572,173 573,173 574,173 583,167 585,166 626,166 628,166 634,170 635,170 635,170 636,170 687,165 687,152 686,119 656,117 655,117 654,117 653,117 650,120 641,126 610,121 599,119 598,119 597,119 596,119 593,121 578,133 549,133 540,126 539,126 538,126 537,126 536,126 522,134 499,134 485,124 479,120 479,120 478,120 477,120 476,120 475,120 468,124 454,135 395,135 386,126 385,126 385,125 385,125 384,125 383,125 373,127 367,128 366,127 359,122 359,121 358,121 357,121 318,121 317,121 316,121 292,129 274,136 248,136 241,131 232,124 231,124 230,124 229,124 229,124 209,132 198,136 189,132 169,123 168,123 167,123 94,124 93,124 73,134 74,159"/>
        <pc:Baseline points="74,159 687,152"/>
        <pc:TextEquiv index="0">
          <pc:Unicode>Beſuch in Mähren, April 1806.</pc:Unicode>
        </pc:TextEquiv>
      </pc:TextLine>
      <pc:TextLine id="eSc_line_68ce494c" custom="structure {type:default;}">
        <pc:Coords points="784,127 771,123 761,120 728,117 731,151 731,171 793,181 794,149 793,143 784,127"/>
        <pc:Baseline points="732,153 795,150"/>
        <pc:TextEquiv index="0">
          <pc:Unicode>85.</pc:Unicode>
        </pc:TextEquiv>
      </pc:TextLine>
      <pc:TextLine id="eSc_line_86a862c6" custom="structure {type:default;}">
        <pc:Coords points="60,220 51,220 50,221 41,230 42,252 42,264 66,266 78,275 79,275 80,275 81,276 112,276 112,275 113,275 129,267 153,274 154,274 155,274 156,274 181,264 185,263 190,264 229,273 229,274 247,274 247,273 248,273 249,273 259,264 261,261 366,261 378,264 402,270 403,270 404,271 449,271 449,270 450,270 469,264 475,262 482,264 500,268 500,268 501,268 514,264 533,259 566,259 579,264 582,265 583,265 583,265 590,264 609,259 614,264 619,268 620,268 621,268 622,269 649,269 649,268 650,268 661,264 675,259 696,264 709,267 710,267 741,263 741,243 739,214 671,212 670,212 669,212 668,212 666,215 661,218 657,215 652,211 651,211 650,211 615,211 614,211 614,211 613,211 607,216 599,222 573,216 559,213 558,213 557,213 542,217 509,225 454,220 453,220 367,227 335,224 331,220 324,215 323,215 322,215 322,215 297,217 296,217 295,217 291,220 289,222 286,220 281,216 280,216 279,216 278,216 277,216 266,221 250,229 195,229 180,222 168,218 167,218 136,218 135,218 135,218 134,218 126,223 118,229 108,225 107,225 106,225 83,228 73,224 64,219 60,220"/>
        <pc:Baseline points="42,252 741,243"/>
        <pc:TextEquiv index="0">
          <pc:Unicode>Ereigniſſen zu unterrichten. Alte unbrauch⸗</pc:Unicode>
        </pc:TextEquiv>
      </pc:TextLine>
      <pc:TextLine id="eSc_line_a8c004df" custom="structure {type:default;}">
        <pc:Coords points="39,305 39,317 125,317 127,318 135,324 136,324 137,324 138,324 139,324 140,324 147,319 150,317 195,317 199,319 221,329 222,329 223,330 297,330 297,329 298,329 299,329 311,320 315,316 337,315 347,321 362,328 363,328 364,329 389,329 389,328 390,328 407,321 412,319 415,321 422,327 423,327 424,327 425,328 444,328 444,327 445,327 446,327 453,322 463,313 484,313 498,322 504,326 505,326 506,326 507,326 508,326 520,322 531,319 545,322 564,326 565,326 592,322 666,311 677,317 678,317 679,317 699,313 712,323 713,323 714,323 715,324 743,324 743,298 740,270 679,271 678,271 677,271 653,279 597,273 593,273 593,273 592,273 591,273 579,279 566,274 562,272 561,272 560,272 551,274 529,280 523,275 520,272 520,272 519,272 502,272 501,272 500,272 491,276 477,281 385,281 376,278 364,274 364,274 363,274 324,280 319,280 317,280 303,274 302,274 302,274 301,274 288,280 286,280 278,280 215,275 214,275 213,275 187,282 181,283 176,282 143,277 142,277 141,277 129,283 128,284 38,285 39,305"/>
        <pc:Baseline points="39,305 743,298"/>
        <pc:TextEquiv index="0">
          <pc:Unicode>bare Kleidungsſtücke, ganze abgetragene durch⸗</pc:Unicode>
        </pc:TextEquiv>
      </pc:TextLine>
      <pc:TextLine id="eSc_line_6f075a9d" custom="structure {type:default;}">
        <pc:Coords points="41,363 41,375 66,385 67,385 68,385 69,385 70,385 82,375 83,374 105,373 260,373 267,374 294,383 295,383 296,383 339,382 340,382 341,382 347,376 355,382 356,382 357,382 358,382 389,381 429,373 447,370 455,373 471,380 472,380 473,380 508,379 509,379 521,373 531,368 542,373 552,375 552,375 553,375 575,372 603,368 614,372 629,377 630,377 631,378 681,378 681,377 682,377 695,372 708,365 725,371 734,374 735,374 736,374 737,374 746,371 746,353 744,334 691,334 672,322 671,322 670,322 669,322 668,322 625,334 625,334 623,334 597,325 596,325 595,325 557,334 552,335 551,334 529,324 528,324 489,324 489,324 488,324 487,324 471,334 467,337 427,335 400,333 399,333 398,333 397,333 395,335 389,339 303,339 289,335 263,328 262,328 261,328 191,329 190,329 189,329 184,333 178,329 177,329 177,329 176,329 126,330 93,336 89,336 85,336 54,331 53,331 52,331 40,335 41,363"/>
        <pc:Baseline points="41,363 746,353"/>
        <pc:TextEquiv index="0">
          <pc:Unicode>löcherte Mantel, zerriſſene Schuhe, Kamaſchen,</pc:Unicode>
        </pc:TextEquiv>
      </pc:TextLine>
      <pc:TextLine id="eSc_line_d3dcf106" custom="structure {type:default;}">
        <pc:Coords points="38,416 38,431 165,432 166,432 178,430 190,427 194,429 197,432 198,432 199,432 200,432 234,430 245,438 246,438 247,438 248,439 284,439 284,438 353,437 354,437 354,437 368,427 371,425 388,425 404,426 460,436 461,436 502,426 513,435 514,435 515,435 516,436 535,436 535,435 536,435 537,435 551,425 556,422 594,422 599,425 613,431 614,431 614,431 615,431 633,424 635,423 636,424 645,430 646,430 647,430 675,432 676,433 712,433 712,432 713,432 714,432 726,423 729,421 749,422 750,406 748,384 699,376 698,376 697,376 697,376 683,384 682,385 675,384 618,377 617,377 561,385 549,387 534,386 491,382 490,382 460,386 450,388 447,387 438,382 437,382 392,381 391,381 390,381 389,381 380,387 378,389 366,387 338,384 337,384 336,384 328,388 322,391 273,391 270,388 262,383 261,383 260,383 234,383 233,383 205,389 192,393 164,393 158,389 154,385 153,385 152,385 151,385 150,385 141,390 139,391 137,390 131,384 130,384 129,384 128,384 127,384 105,390 104,390 101,390 52,385 52,385 51,385 37,390 38,416"/>
        <pc:Baseline points="38,416 750,406"/>
        <pc:TextEquiv index="0">
          <pc:Unicode>Stücke von Degengehenken, Mützen u ähnliche</pc:Unicode>
        </pc:TextEquiv>
      </pc:TextLine>
      <pc:TextLine id="eSc_line_ca851a2f" custom="structure {type:default;}">
        <pc:Coords points="42,470 42,484 83,492 84,492 85,492 109,485 114,483 115,485 130,494 131,494 132,494 133,495 156,495 156,494 156,494 157,494 169,485 171,483 202,482 207,485 219,493 220,493 221,493 222,493 223,493 242,485 247,483 263,485 276,486 277,486 278,486 282,485 299,480 319,485 329,487 330,487 331,487 335,485 345,479 395,479 406,485 417,490 418,490 419,490 455,489 456,489 457,489 462,485 470,478 507,478 520,485 526,488 527,488 528,488 529,489 544,489 544,488 579,487 580,487 581,487 583,485 594,477 610,477 625,484 625,484 626,484 627,484 647,478 661,485 662,485 663,485 664,485 688,476 701,485 702,485 703,485 704,486 743,486 744,463 741,434 716,442 665,436 641,433 640,433 639,433 638,433 635,436 630,440 599,442 555,438 528,436 527,436 526,436 525,436 521,439 515,444 506,440 496,436 495,436 494,436 493,436 492,436 487,440 480,446 471,441 462,436 461,436 420,436 419,436 418,436 403,443 394,447 363,447 358,444 352,439 351,439 350,439 268,438 267,438 266,438 265,438 254,446 252,448 166,451 146,451 145,449 129,440 128,440 127,440 126,440 125,440 104,448 92,442 91,442 90,442 89,442 70,452 41,452 42,470"/>
        <pc:Baseline points="42,470 613,461 744,463"/>
        <pc:TextEquiv index="0">
          <pc:Unicode>noch liegen gebliebene u zertretene Sachen,</pc:Unicode>
        </pc:TextEquiv>
      </pc:TextLine>
      <pc:TextLine id="eSc_line_3f339081" custom="structure {type:default;}">
        <pc:Coords points="44,524 44,536 69,550 70,550 71,550 72,550 92,542 131,549 132,549 133,549 134,549 147,537 156,536 172,534 196,534 200,536 223,548 224,548 225,548 294,547 295,547 326,537 342,532 358,537 383,545 384,545 385,546 427,546 427,545 428,545 441,538 456,530 493,529 572,529 585,533 586,533 587,534 587,533 588,533 600,529 612,536 613,536 614,536 645,540 674,541 675,541 676,541 680,540 706,528 730,540 732,540 733,540 734,540 749,540 749,514 746,490 687,491 684,490 676,484 675,484 674,484 656,482 656,482 655,482 654,482 646,488 621,482 620,482 619,482 618,482 617,482 606,489 593,490 556,494 531,490 496,486 495,486 494,486 483,491 475,495 447,491 428,488 427,488 427,488 426,488 422,491 413,497 389,497 371,491 353,487 352,487 301,487 300,487 299,487 287,491 281,494 230,494 229,494 229,494 218,498 127,497 115,492 109,490 108,490 107,490 106,490 102,492 93,497 43,493 44,524"/>
        <pc:Baseline points="44,524 749,514"/>
        <pc:TextEquiv index="0">
          <pc:Unicode>bezeichneten dieſe Straße u die traurigen</pc:Unicode>
        </pc:TextEquiv>
      </pc:TextLine>
      <pc:TextLine id="eSc_line_e327b1ba" custom="structure {type:default;}">
        <pc:Coords points="42,579 42,595 76,590 88,596 89,596 90,596 91,596 92,596 116,588 160,588 179,595 192,601 193,601 194,601 195,601 196,601 202,595 211,588 241,587 261,595 271,599 272,599 273,600 314,600 314,599 315,599 325,594 340,587 349,594 354,598 354,598 355,598 356,599 370,599 370,598 394,597 395,597 395,597 399,593 413,583 439,583 452,591 453,591 454,591 455,591 456,591 480,582 520,587 520,587 521,587 531,583 546,592 548,594 549,594 550,594 551,595 588,595 588,594 589,594 595,592 627,580 654,580 676,590 677,590 677,590 710,583 752,591 753,567 750,547 657,548 656,548 609,540 608,540 607,540 578,550 576,550 570,550 496,543 495,543 494,543 483,549 448,542 447,542 408,543 407,543 396,549 385,543 384,543 383,543 312,544 312,544 273,554 251,546 250,546 250,546 249,546 227,555 227,556 203,556 197,556 126,548 125,548 125,548 104,557 104,558 81,558 80,558 66,551 65,551 64,551 63,551 41,557 42,579"/>
        <pc:Baseline points="42,579 753,567"/>
        <pc:TextEquiv index="0">
          <pc:Unicode>Umſtände, die auf derſelben vorgefallen waren,</pc:Unicode>
        </pc:TextEquiv>
      </pc:TextLine>
      <pc:TextLine id="eSc_line_92e6561f" custom="structure {type:default;}">
        <pc:Coords points="44,632 44,647 68,645 72,647 78,653 79,653 80,653 81,653 82,653 99,647 109,644 117,647 126,651 127,651 128,651 129,651 130,651 135,647 136,646 138,647 153,655 154,655 155,655 231,654 232,654 233,654 245,647 257,640 324,640 340,647 341,647 342,647 343,647 368,638 429,638 438,643 439,643 440,643 464,638 476,645 477,645 478,645 479,645 479,645 502,637 517,643 518,643 519,643 520,643 535,637 557,647 562,649 562,649 563,650 587,650 587,649 588,649 593,647 621,635 656,636 677,647 680,648 681,648 682,648 749,646 749,622 748,596 738,592 737,592 736,592 712,596 697,600 684,597 665,592 620,592 619,592 582,598 553,602 527,599 492,594 491,594 490,594 489,594 483,600 482,601 445,601 445,600 438,595 437,595 437,595 436,595 435,595 425,601 416,604 404,601 396,599 395,599 395,599 394,599 393,599 391,601 386,605 340,605 333,602 330,601 329,601 328,601 327,601 322,602 311,605 302,602 290,598 289,598 258,598 257,598 225,601 224,601 223,601 220,603 216,607 209,603 201,599 200,599 199,599 163,600 162,600 154,604 146,608 43,606 44,632"/>
        <pc:Baseline points="44,632 749,622"/>
        <pc:TextEquiv index="0">
          <pc:Unicode>auf einige Stunden weit nur allzudeutlich.</pc:Unicode>
        </pc:TextEquiv>
      </pc:TextLine>
      <pc:TextLine id="eSc_line_5ae07baf" custom="structure {type:default;}">
        <pc:Coords points="43,685 43,697 94,708 95,708 96,708 97,708 115,697 120,697 219,706 220,706 221,706 222,706 235,697 238,696 262,696 266,696 277,703 278,703 279,703 320,696 341,694 345,696 355,704 356,704 357,704 358,704 390,696 406,693 413,696 426,703 427,703 427,703 449,700 450,700 451,700 456,696 461,692 497,692 513,696 532,701 533,701 534,702 562,702 562,701 562,701 574,696 587,690 621,696 644,699 645,700 684,700 684,699 685,699 686,699 691,696 700,689 754,695 755,675 753,649 718,646 717,646 716,646 715,646 711,649 706,654 700,649 697,646 696,646 695,646 677,646 677,646 676,646 666,649 650,655 607,655 593,650 591,649 590,649 589,649 588,649 586,650 573,657 516,657 445,652 425,650 424,650 423,650 419,652 405,658 355,652 343,651 342,651 341,651 337,653 317,660 291,653 290,653 289,653 288,653 287,653 286,653 268,661 198,655 197,655 158,663 103,655 102,655 101,655 78,664 66,655 65,655 64,655 42,655 43,685"/>
        <pc:Baseline points="43,685 755,675"/>
        <pc:TextEquiv index="0">
          <pc:Unicode>So haben auch die Bäume, die ſonſt eine Zierde</pc:Unicode>
        </pc:TextEquiv>
      </pc:TextLine>
      <pc:TextLine id="eSc_line_adba0af9" custom="structure {type:default;}">
        <pc:Coords points="46,757 106,762 107,762 108,762 124,756 136,751 163,751 185,755 216,761 217,761 218,761 233,755 243,750 249,754 256,760 257,760 258,760 259,761 281,761 281,760 281,760 300,754 309,750 316,753 330,759 331,759 332,759 417,752 422,752 424,752 452,758 453,758 454,758 455,758 463,751 467,748 479,748 494,751 526,758 527,758 528,758 529,758 538,750 542,747 593,747 666,747 669,748 688,756 689,756 690,756 691,756 692,756 701,748 705,746 715,748 736,753 737,753 738,753 750,748 750,730 749,711 724,703 723,703 668,702 667,702 666,702 666,702 652,711 651,712 618,712 617,711 597,703 596,703 595,703 594,703 574,711 572,712 525,711 510,711 499,704 498,704 497,704 496,704 454,705 453,705 452,705 443,711 440,713 437,711 422,705 421,705 398,705 397,705 396,705 395,705 395,706 388,711 387,712 385,711 361,706 360,706 359,706 358,706 351,711 347,714 334,711 307,706 306,706 260,711 219,717 162,717 148,712 135,707 134,707 133,707 109,712 83,717 76,712 75,711 74,711 73,711 72,711 72,711 69,712 58,716 46,712 46,737 46,757"/>
        <pc:Baseline points="46,737 750,730"/>
        <pc:TextEquiv index="0">
          <pc:Unicode>derſelben geweſen, theils ihre ſtarken Aeſte</pc:Unicode>
        </pc:TextEquiv>
      </pc:TextLine>
      <pc:TextLine id="eSc_line_1ef79ba3" custom="structure {type:default;}">
        <pc:Coords points="50,795 50,814 86,813 87,813 88,813 96,807 145,812 146,812 147,812 148,812 157,806 205,806 219,813 226,816 227,816 228,816 353,815 354,815 354,815 360,811 375,803 383,809 384,809 385,809 385,809 386,809 408,803 424,810 427,812 428,812 429,812 430,812 435,810 456,802 506,804 514,810 517,812 518,812 519,812 520,812 520,812 521,812 525,810 538,802 595,808 596,808 663,802 678,808 687,811 687,811 688,811 722,810 723,810 724,810 728,808 735,803 767,807 769,787 767,762 713,758 712,758 711,758 699,763 689,767 677,763 672,761 671,761 670,761 669,761 665,763 656,767 626,764 617,763 616,763 615,763 614,763 614,764 608,769 567,769 552,765 531,760 531,760 530,760 529,760 522,765 517,769 496,769 489,766 479,760 479,760 478,760 477,760 454,766 451,767 450,766 444,761 443,761 442,761 392,761 391,761 390,761 370,768 368,768 366,768 354,762 353,762 352,762 351,762 350,762 341,768 336,770 306,769 241,763 240,763 239,763 224,769 219,771 216,769 210,766 209,766 208,766 208,766 207,766 197,769 190,772 173,770 147,767 146,767 145,767 135,770 131,772 126,770 112,765 111,765 110,765 109,765 108,765 101,771 98,773 92,771 78,767 77,767 76,767 49,771 50,795"/>
        <pc:Baseline points="50,795 769,787"/>
        <pc:TextEquiv index="0">
          <pc:Unicode>oder eine Hälfte ihres Stam̅es verloren, theils</pc:Unicode>
        </pc:TextEquiv>
      </pc:TextLine>
      <pc:TextLine id="eSc_line_d8640410" custom="structure {type:default;}">
        <pc:Coords points="759,842 757,818 707,814 706,814 689,818 677,821 666,818 649,812 648,812 647,812 614,818 593,821 583,818 567,813 566,813 565,813 564,813 553,818 543,823 502,823 489,819 476,814 475,814 474,814 473,814 459,819 444,824 402,824 383,819 372,816 371,816 370,816 369,816 361,819 349,823 344,820 343,820 343,820 342,820 254,826 234,820 231,819 230,819 229,819 224,820 190,827 153,820 145,819 144,819 68,820 67,820 66,820 66,821 62,824 51,821 51,852 52,869 71,860 89,861 97,868 104,873 105,873 106,873 107,873 206,868 261,872 262,872 263,872 264,872 276,863 289,871 290,871 291,872 333,872 333,871 333,871 364,861 425,860 426,860 427,860 427,859 432,855 445,858 468,863 469,863 470,863 483,857 489,854 526,854 529,856 538,863 539,863 540,863 541,863 541,863 561,855 565,853 573,854 595,858 596,858 659,852 661,852 662,852 699,858 700,858 701,858 715,852 750,855 751,855 752,855 753,855 759,851 759,842"/>
        <pc:Baseline points="51,852 759,842"/>
        <pc:TextEquiv index="0">
          <pc:Unicode>ſind ſie ganz abgehauen u verbran̅t worden.</pc:Unicode>
        </pc:TextEquiv>
      </pc:TextLine>
      <pc:TextLine id="eSc_line_c4f62ba5" custom="structure {type:default;}">
        <pc:Coords points="46,903 46,914 81,919 82,919 202,914 203,914 204,914 229,917 230,917 231,917 241,913 242,913 243,913 254,919 255,919 256,919 282,913 287,912 290,913 304,919 305,919 306,919 344,918 345,918 364,913 374,910 392,910 396,913 403,917 404,917 405,917 406,917 406,917 416,912 418,911 420,912 428,917 429,917 430,917 431,917 468,916 489,912 508,908 530,912 539,913 540,913 541,913 543,912 552,908 616,911 637,912 638,912 645,911 669,907 691,911 698,912 699,912 700,912 703,911 717,905 729,911 734,913 735,913 736,913 764,910 765,893 763,872 709,872 699,865 698,865 697,865 697,865 645,870 633,865 632,865 631,865 590,873 588,873 584,873 497,870 496,870 454,875 452,875 451,875 388,869 387,869 386,869 369,877 368,877 367,877 352,871 351,871 350,871 349,871 348,871 339,876 291,872 290,872 289,872 270,878 260,872 260,872 259,872 258,872 257,872 256,872 246,878 228,878 220,872 219,872 218,872 218,872 185,879 166,872 166,872 132,872 131,872 130,872 129,872 120,880 104,873 103,873 71,873 70,873 69,873 45,880 46,903"/>
        <pc:Baseline points="46,903 765,893"/>
        <pc:TextEquiv index="0">
          <pc:Unicode>Seitwärts von dieſer Straße erblickt man eine</pc:Unicode>
        </pc:TextEquiv>
      </pc:TextLine>
      <pc:TextLine id="eSc_line_2f737c42" custom="structure {type:default;}">
        <pc:Coords points="50,966 96,966 101,968 113,976 114,976 114,976 115,977 133,977 133,976 134,976 135,976 148,968 155,964 224,964 234,968 247,975 248,975 249,976 271,976 271,975 272,975 273,975 281,968 289,964 297,968 309,975 310,975 311,975 347,968 367,966 409,969 461,973 462,973 463,973 464,973 469,969 479,962 489,966 490,966 491,966 492,966 502,962 575,965 576,965 607,960 617,967 618,967 619,967 634,969 654,971 655,971 656,971 656,971 658,969 673,959 693,959 708,969 709,969 710,969 711,970 762,970 762,945 760,918 708,924 701,919 700,919 699,919 698,919 697,919 697,919 684,928 621,928 592,921 591,921 590,921 589,921 588,921 579,929 485,930 416,921 414,921 413,921 412,921 385,931 331,926 330,926 329,926 310,933 267,933 237,923 236,923 235,923 234,923 218,930 210,924 209,924 208,924 208,924 167,930 154,924 153,924 152,924 148,924 100,924 99,924 88,930 50,924 50,952 50,966"/>
        <pc:Baseline points="50,952 365,954 762,945"/>
        <pc:TextEquiv index="0">
          <pc:Unicode>liebliche u angenehme Gegend mit reichen Frucht⸗</pc:Unicode>
        </pc:TextEquiv>
      </pc:TextLine>
      <pc:TextLine id="eSc_line_3af959f6" custom="structure {type:default;}">
        <pc:Coords points="760,976 722,976 697,966 696,966 695,966 694,966 677,972 645,968 645,968 644,968 620,976 616,976 601,976 504,968 503,968 451,976 429,980 405,980 398,976 389,972 388,972 387,972 386,972 377,976 370,980 336,976 308,974 307,974 284,976 245,983 225,983 213,977 204,973 203,973 202,973 174,974 173,974 172,974 168,977 161,983 147,977 143,976 142,976 141,976 140,976 136,977 127,982 117,977 113,976 112,976 76,975 75,975 74,975 73,975 70,977 62,983 55,977 54,1008 55,1028 80,1018 103,1024 104,1024 104,1024 105,1024 106,1024 113,1018 124,1023 125,1023 125,1023 126,1023 142,1018 164,1021 165,1021 219,1017 259,1025 260,1025 323,1015 373,1024 374,1024 375,1024 387,1024 409,1023 410,1023 411,1023 422,1014 455,1022 456,1022 457,1022 458,1022 458,1022 468,1014 481,1019 482,1019 483,1019 484,1019 504,1012 549,1012 562,1021 562,1021 563,1021 564,1021 565,1021 584,1010 632,1010 660,1019 661,1019 662,1019 718,1018 719,1018 720,1018 726,1014 760,1018 761,998 760,976"/>
        <pc:Baseline points="54,1008 761,998"/>
        <pc:TextEquiv index="0">
          <pc:Unicode>feldern u mit abwechſelnden Tiefen u Höhen.</pc:Unicode>
        </pc:TextEquiv>
      </pc:TextLine>
      <pc:TextLine id="eSc_line_ff4d000f" custom="structure {type:default;}">
        <pc:Coords points="50,1058 50,1069 107,1078 108,1078 109,1078 110,1078 122,1070 128,1075 129,1075 130,1075 131,1075 132,1075 133,1075 141,1070 143,1069 232,1069 238,1071 258,1080 259,1080 260,1081 280,1081 280,1080 281,1080 281,1080 293,1072 306,1080 307,1080 308,1080 456,1079 457,1079 467,1074 515,1079 516,1079 517,1079 527,1074 540,1067 588,1066 621,1072 622,1072 623,1072 624,1072 632,1065 675,1065 689,1076 690,1076 691,1076 692,1076 693,1076 695,1076 726,1067 759,1076 760,1052 759,1033 689,1025 688,1025 687,1025 687,1025 676,1032 637,1026 636,1026 635,1026 618,1033 617,1034 566,1034 563,1033 537,1026 536,1026 535,1026 534,1026 533,1026 523,1033 520,1035 492,1035 489,1033 474,1027 473,1027 472,1027 385,1033 357,1035 333,1033 276,1028 275,1028 220,1030 219,1030 218,1030 214,1033 209,1036 183,1033 168,1032 167,1032 159,1033 143,1037 133,1033 122,1029 121,1029 120,1029 49,1033 50,1058"/>
        <pc:Baseline points="50,1058 760,1052"/>
        <pc:TextEquiv index="0">
          <pc:Unicode>Mitten in dieſen jetzt ſchön grünenden Fluren</pc:Unicode>
        </pc:TextEquiv>
      </pc:TextLine>
      <pc:TextLine id="eSc_line_7d2a6038" custom="structure {type:default;}">
        <pc:Coords points="54,1116 54,1143 121,1143 121,1142 122,1142 124,1141 133,1135 142,1141 143,1141 144,1141 145,1141 228,1140 229,1140 229,1140 230,1139 249,1126 270,1126 288,1126 300,1134 301,1134 302,1134 302,1134 303,1134 329,1125 464,1124 486,1134 490,1136 491,1136 492,1136 574,1135 575,1135 582,1132 604,1122 625,1122 666,1130 666,1130 667,1130 668,1130 673,1126 678,1131 683,1134 684,1134 685,1134 686,1134 711,1132 712,1132 713,1132 717,1130 732,1121 768,1129 769,1107 767,1080 638,1078 637,1078 636,1078 630,1080 618,1086 559,1081 555,1081 554,1081 553,1081 532,1087 525,1081 522,1080 521,1080 520,1080 502,1080 501,1080 475,1082 411,1089 385,1083 384,1083 383,1083 380,1083 327,1088 321,1083 320,1082 319,1082 318,1082 283,1082 282,1082 281,1082 281,1082 278,1084 267,1091 53,1087 54,1116"/>
        <pc:Baseline points="54,1116 769,1107"/>
        <pc:TextEquiv index="0">
          <pc:Unicode>zeigt ſich hin u wieder ein ſchwarzer unbeſäeter</pc:Unicode>
        </pc:TextEquiv>
      </pc:TextLine>
      <pc:TextLine id="eSc_line_ab29817c" custom="structure {type:default;}">
        <pc:Coords points="52,1168 52,1184 104,1184 104,1184 105,1184 108,1184 116,1180 123,1184 136,1191 137,1191 138,1192 158,1192 158,1191 159,1191 160,1191 170,1183 178,1187 179,1187 180,1187 181,1187 192,1183 197,1180 210,1182 219,1184 220,1184 221,1184 222,1184 224,1182 231,1178 282,1181 283,1181 333,1176 341,1181 354,1187 354,1187 355,1188 380,1188 380,1187 420,1184 421,1184 431,1180 441,1174 459,1179 483,1185 484,1185 485,1185 486,1185 508,1179 517,1176 525,1179 544,1184 545,1184 546,1184 547,1184 548,1184 556,1178 562,1173 581,1172 630,1172 652,1177 670,1182 671,1182 672,1183 706,1183 706,1182 707,1182 718,1176 727,1172 764,1175 766,1156 762,1127 739,1135 719,1129 718,1129 718,1129 717,1129 716,1129 708,1135 694,1132 693,1132 692,1132 653,1138 593,1132 592,1132 591,1132 569,1138 541,1133 531,1132 531,1132 530,1132 529,1132 526,1133 520,1138 514,1134 512,1132 511,1132 510,1132 510,1132 499,1134 483,1137 464,1135 435,1132 434,1132 433,1132 420,1137 404,1143 375,1143 367,1138 359,1134 358,1134 357,1134 356,1134 347,1139 339,1143 288,1143 282,1141 271,1135 270,1135 270,1135 269,1135 249,1142 239,1144 218,1143 167,1137 166,1137 166,1137 148,1144 144,1146 136,1144 105,1138 104,1138 104,1138 89,1143 63,1139 62,1139 62,1139 61,1139 52,1144 52,1168"/>
        <pc:Baseline points="52,1168 766,1156"/>
        <pc:TextEquiv index="0">
          <pc:Unicode>Raum, der eine Anzahl Leichname von gefal⸗</pc:Unicode>
        </pc:TextEquiv>
      </pc:TextLine>
      <pc:TextLine id="eSc_line_9bceaf6e" custom="structure {type:default;}">
        <pc:Coords points="57,1221 57,1233 85,1233 97,1241 98,1241 99,1241 100,1241 101,1241 102,1241 115,1232 116,1232 149,1232 169,1247 170,1247 171,1247 172,1247 287,1245 288,1245 318,1230 320,1229 327,1230 352,1233 353,1233 354,1233 354,1233 358,1229 360,1228 414,1228 416,1229 432,1242 433,1242 434,1242 435,1243 463,1243 463,1242 493,1237 494,1237 495,1237 509,1228 512,1226 521,1226 524,1228 539,1240 540,1240 541,1240 541,1240 571,1236 572,1236 572,1236 584,1227 589,1225 593,1227 612,1236 613,1236 614,1237 633,1237 633,1236 634,1236 653,1227 659,1224 753,1226 754,1210 751,1190 718,1190 717,1190 698,1181 697,1181 697,1181 696,1181 695,1181 687,1185 637,1182 636,1182 635,1182 635,1182 620,1191 611,1184 610,1184 609,1184 581,1183 580,1183 579,1183 578,1183 563,1192 562,1193 537,1193 536,1193 523,1184 522,1184 521,1184 520,1184 520,1184 489,1193 486,1194 481,1193 440,1185 439,1185 438,1185 437,1185 425,1194 423,1195 403,1196 347,1196 343,1195 332,1187 331,1187 330,1187 309,1187 308,1187 307,1187 274,1195 268,1197 263,1196 250,1192 250,1192 249,1192 229,1195 189,1191 188,1191 187,1191 176,1197 171,1199 56,1199 57,1221"/>
        <pc:Baseline points="57,1221 754,1210"/>
        <pc:TextEquiv index="0">
          <pc:Unicode>lenen Schlachtopfern verſchloſſen hält, u dem</pc:Unicode>
        </pc:TextEquiv>
      </pc:TextLine>
      <pc:TextLine id="eSc_line_3a53e99b" custom="structure {type:default;}">
        <pc:Coords points="53,1272 53,1291 104,1293 104,1293 105,1293 114,1290 125,1287 147,1289 164,1291 165,1291 191,1288 236,1283 249,1287 253,1288 254,1288 255,1288 266,1287 284,1283 317,1285 329,1286 330,1286 336,1285 359,1280 390,1284 421,1287 422,1287 443,1282 459,1278 469,1281 478,1284 479,1284 479,1284 499,1281 513,1278 517,1280 522,1283 523,1283 524,1283 525,1283 538,1280 544,1278 547,1279 558,1285 559,1285 560,1285 590,1284 591,1284 592,1284 598,1278 599,1278 601,1278 647,1283 648,1283 649,1283 650,1283 660,1277 665,1275 766,1275 766,1259 763,1232 661,1240 653,1234 652,1234 651,1234 634,1234 633,1234 632,1234 629,1235 608,1245 587,1245 574,1236 572,1235 572,1235 571,1235 570,1235 569,1235 563,1236 547,1241 516,1238 515,1238 514,1238 493,1246 477,1238 474,1237 473,1237 472,1237 471,1237 467,1238 442,1247 373,1247 362,1241 358,1238 357,1238 356,1238 355,1238 314,1239 313,1239 303,1243 283,1249 171,1247 170,1247 136,1252 128,1247 122,1243 121,1243 120,1243 119,1243 52,1248 53,1272"/>
        <pc:Baseline points="53,1272 766,1259"/>
        <pc:TextEquiv index="0">
          <pc:Unicode>Auge einen betrübenden Anblick gewährt. Als</pc:Unicode>
        </pc:TextEquiv>
      </pc:TextLine>
      <pc:TextLine id="eSc_line_700e0a88" custom="structure {type:default;}">
        <pc:Coords points="54,1325 54,1346 146,1349 147,1349 148,1349 161,1343 178,1337 214,1337 225,1342 226,1342 227,1342 228,1342 229,1342 230,1341 243,1335 300,1334 338,1334 350,1339 357,1341 358,1341 359,1341 375,1338 399,1332 422,1337 451,1342 452,1343 494,1343 494,1342 495,1342 512,1336 541,1341 542,1341 543,1341 575,1333 593,1329 622,1331 688,1339 689,1339 690,1339 721,1329 724,1329 753,1329 754,1316 752,1283 700,1292 655,1285 654,1285 653,1285 623,1295 544,1287 542,1287 541,1287 541,1287 492,1298 472,1291 471,1291 470,1291 469,1291 458,1296 448,1288 447,1288 447,1288 446,1288 445,1288 377,1299 326,1291 325,1291 270,1296 250,1292 249,1292 248,1292 227,1300 211,1296 210,1296 209,1296 208,1296 208,1296 197,1304 149,1305 93,1305 78,1296 77,1296 76,1296 52,1296 54,1325"/>
        <pc:Baseline points="54,1325 638,1313 754,1316"/>
        <pc:TextEquiv index="0">
          <pc:Unicode>ungegründet wurde das Gerücht widerlegt,</pc:Unicode>
        </pc:TextEquiv>
      </pc:TextLine>
      <pc:TextLine id="eSc_line_f1ac7a1f" custom="structure {type:default;}">
        <pc:Coords points="738,1341 693,1349 684,1341 683,1341 682,1341 666,1341 666,1341 665,1341 664,1341 664,1342 652,1350 564,1343 547,1342 546,1342 545,1342 541,1343 519,1351 496,1344 493,1343 492,1343 449,1343 448,1343 447,1343 444,1345 427,1352 420,1348 419,1348 418,1348 417,1348 295,1353 281,1347 280,1346 279,1346 278,1346 262,1347 214,1351 187,1348 177,1347 176,1347 175,1347 174,1347 173,1348 167,1352 153,1349 150,1348 149,1348 148,1348 144,1349 124,1353 109,1349 107,1349 106,1349 105,1349 101,1349 68,1354 59,1350 59,1374 60,1401 77,1396 108,1401 113,1401 114,1401 114,1401 115,1401 137,1389 197,1389 209,1395 210,1395 211,1395 212,1395 234,1388 258,1399 259,1399 260,1400 288,1400 288,1399 289,1399 290,1399 305,1387 323,1393 324,1393 325,1393 377,1389 403,1397 404,1397 405,1398 440,1398 440,1397 441,1397 442,1397 442,1396 453,1387 509,1396 510,1396 511,1396 512,1396 513,1396 529,1386 573,1392 574,1392 575,1392 593,1383 622,1383 659,1391 660,1391 661,1391 677,1382 697,1393 698,1393 699,1394 739,1394 739,1369 738,1341"/>
        <pc:Baseline points="59,1374 598,1367 739,1369"/>
        <pc:TextEquiv index="0">
          <pc:Unicode>als ob die Leichname mehrere Wochen lang</pc:Unicode>
        </pc:TextEquiv>
      </pc:TextLine>
      <pc:TextLine id="eSc_line_88885244" custom="structure {type:default;}">
        <pc:Coords points="718,1413 718,1438 741,1443 742,1443 743,1443 756,1437 756,1412 755,1397 729,1384 728,1384 727,1384 726,1384 716,1389 718,1413"/>
        <pc:Baseline points="718,1413 756,1412"/>
        <pc:TextEquiv index="0">
          <pc:Unicode>un⸗</pc:Unicode>
        </pc:TextEquiv>
      </pc:TextLine>
    </pc:TextRegion>
  </pc:Page>
</pc:PcGts>
