1000 1643
213 109 302 168 208.
339 97 828 169 Diaspora im Vogtland,
244 182 908 246 halten. Vergangenen Winter fingen
242 247 917 300 ſie es an den Sontagen wieder an; die
239 296 906 356 jungen Leute aber kamen auch an an⸗
236 354 926 415 dern Tagen zuſam̅en und verſahen es, wie
238 403 920 472 ſchon mehrmals, dadurch, daß ſie zu lan⸗
237 462 931 521 ge beyſam̅en blieben; worauf es ihnen
236 514 926 574 wieder verboten wurde. Jch beſuchte ſie
234 572 921 631 in ihren Häuſern, u. hielt mich ohne Furcht
233 631 906 690 einen Tag bey ihnen auf. Jch hatte mir
233 683 899 742 vorgenom̅en, daß wen̅ ich über mein
233 731 896 796 Hierſeyn angeredet, oder mir ſonſt
230 789 912 849 Ungelegenheit gemacht werden ſolte,
231 841 916 902 ich mir gleich ausbitten wolte, mit dem
229 893 903 961 Beamten ſprechen zu kön̅en, der den
231 947 900 1019 Erwekten die Hinderniße macht. Jch
229 1005 880 1070 hatte erfahren, daß er geſagt habe:
230 1059 888 1124 ſo lange ſie ſich von herumziehenden
225 1115 910 1172 Leuten würden leiten laßen, werde er
230 1169 904 1232 ihre Verſam̅lungen nie dulden; wür⸗
227 1219 902 1288 den ſie ſich aber zu den Herrnhutern
225 1275 927 1344 halten, ſo habe er dagegen nichts; denn
223 1332 896 1398 er wiſſe, daß das rechtſchaffene Leute
829 1373 906 1419 ſind.
