1000 1643
331 97 847 181 Diaspora im Vogtland,
186 112 266 160 210.
282 176 913 248 Jn Weſtheim fand ich, daß ſich die Ge⸗
231 243 901 295 ſundheitsumſtände meiner Frau wäh⸗
232 292 945 353 rend ihres daſigen Aufenthalts gebeßert
232 344 929 402 hatten. Der l. alte Paſtor Feiler daſelbſt
228 403 918 465 kan zwar nicht mehr das Predigen beſorg⸗
230 458 696 514 gen, doch iſt er noch munter.
281 504 942 573 Jn Fürth hat das Häuflein erwekter
227 566 891 627 Seelen dieſes Frühjahr ein paar liebe
226 619 919 684 Geſchwiſter eingebüßt, die bald nach ein⸗
228 675 938 741 ander ſelig heimgegangen ſind. Sie waren
226 731 901 792 ein Paar Eheleute, die einander herzlich
225 783 898 842 liebten. Zuerſt wurde die Frau krank,
226 838 912 903 u. da ihr Mann ihr Ende herannahen ſahe,
224 894 903 950 weinte er ſehr, u. glaubte, daß er ohne
224 944 920 1008 ſie künftig nicht werde beſtehen kön̅en.
220 1001 923 1063 Sie tröſtete ihn darüber mit den Worten:
219 1055 892 1117 Sey nicht ſo ſehr betrübt, denn du wirſt
218 1110 910 1172 mir bald nachfolgen, u. alsdan̅ ſind wir
220 1164 924 1230 ewig beym Hld beysam̅en. Er befand ſich
221 1225 909 1285 ſchon bey ihrem Begräbniſſe nicht wohl,
219 1276 904 1340 u. 6 Tage nach ihrem Heimgang ſchied auch
216 1342 900 1398 er selig von hinnen. Von allen die ihn ge⸗
825 1381 905 1419 kan̅t
