1000 1642
84 102 786 168 Brief von Br. Zeisberger, May 1805.
791 114 839 194 17.
82 191 766 259 deſto mehr Luſt krigt man. Unſer indianiſches
78 245 769 318 Geſangbuch iſt in geſegnetem Gebrauch unter
78 302 776 366 ihnen. Eine Sam̅lung von Reden an die Kin⸗
78 350 766 416 der iſt auch gedruckt, u ein dalawariſches u
80 400 772 479 engliſches Buchſtabierbuch mit einigen kurzen
81 455 773 531 Erzählungen aus dem alten u neuen Testa⸗
78 514 758 581 ment habe ich ziemlich fertig. Daneben
80 567 776 642 habe ich die Harmonie der vier Evangeli⸗
82 623 781 695 ſten in Arbeit, u wen̅ ich das noch vollenden
82 679 772 748 kan̅, ſo will ich mich gern zur Ruhe legen.
86 729 763 801 Betet für uns, ſo wie wir für euch thun.
