1000 1643
224 116 304 157 184.
432 91 732 174 Wachauiſche
241 179 902 245 nichts gegen die Schmerzen, die mein
237 238 928 303 Heiland für mich erduldet hat. Sie erzähl⸗
240 295 924 355 te, daß in ihrer Gegend mehrere wären,
241 348 928 413 die mit ihr gleiche Geſin̅ung u. Erfahrung
242 405 911 461 hätten. Sie wohnt etwa 60 Meilen von
240 455 789 520 hier u. gehört zu den Baptists.
285 509 924 570 Am 27t May hatten wir einen Beſuch
240 568 904 624 von einem Baptist⸗Prediger, Namens
239 617 906 683 Vaſs, der den Heiland u. ſeine Verſöhnung
238 672 923 738 verkündigt. Er wünſchte in nähere Bekant⸗
238 741 918 790 ſchaft mit der Brüdergemeine zu kom̅en,
237 795 894 848 u. bezeugte, an unſern Einrichtungen u.
237 844 915 910 Verſam̅lungen großes Wohlgefallen ge⸗
236 892 525 960 funden zu haben.
265 945 911 1007 Einem andern durchreiſenden Herrn
233 1004 922 1062 aus Virginien, der zu keiner chriſtlichen
233 1056 905 1121 Gemeine gehört, auch nicht getauft iſt, u.
231 1114 914 1175 wenig Ken̅tniß vom Worte Gottes hat,
228 1169 924 1236 auf den aber eine unſrer Verſam̅lungen,
231 1221 903 1283 welcher er beywohnte, einen tiefen Ein⸗
231 1276 914 1340 druck gemacht hatte, wurde auf ſeine Bit⸗
231 1333 904 1396 te von Br. Reichel ein Engliſches Loſungs⸗
836 1373 900 1439 buch
