1000 1642
52 120 705 186 Beſuch in Mähren, April 1806.
727 127 783 180 87.
36 215 744 275 Ueberbleibſel abgebran̅t. Dankenswerth bleibt
37 268 745 334 es bey dem allen, daß dieſer Krieg bald be⸗
40 324 743 386 endigt worden u daß er in eine Jahreszeit
40 377 747 442 gefallen iſt, in welcher keine Früchte auf den
40 435 751 493 Feldern ſtanden. Mancher der Unglücklichen iſt
43 483 759 552 freylich des größten Theiles ſeiner Habſeligkeiten
45 540 764 605 oder ſeiner ganzen Baarſchaft, die er vergeblich
45 594 765 651 in die Erde vergraben hatte, beraubt, indeß hat
49 648 753 706 er doch die zwar noch etwas entfernte Ausſicht,
49 701 758 766 daß ihm eine geſegnete Erndte den erlittenen
49 753 750 819 Verluſt einigermaßen erſetzen werde. Da
52 809 758 876 wir jetzt Augenzeugen jener traurigen Er⸗
52 862 756 928 eigniſſe u vorgegangenen Verheerung waren,
52 912 751 976 wodurch unſer Mitleid tief erregt wurde, ſo
53 964 765 1032 gereichte es uns um ſo mehr zu überaus groſ⸗
55 1020 756 1085 ſem Vergnügen, daß unſre Reiſe den Zweck
56 1074 763 1141 hatte, dieſe armen Verunglückten mit einiger
59 1126 763 1195 Unterſtützung zu erfreuen. Dem gemäß be⸗
62 1182 757 1244 gaben wir uns bald nach unſrer Ankunft
60 1230 760 1297 zu Brün̅, welche Nachmittags am 24ſten er⸗
59 1288 759 1353 folgte, auf die Kanzeley des hochwürdigſt
60 1344 767 1403 Fürſtbiſchöflichen Conſiſtoris, als von woraus
701 1390 747 1441 die
