1000 1640
102 110 592 165 d. d. Barby. Oct. 1806.
704 115 784 164 251.
37 188 714 247 bran̅te, u. einige Scheunen niederge⸗
36 241 704 306 riſſen werden mußten. Jn den lez⸗
36 298 671 360 ten Tagen der Woche iſt wiederum
34 357 698 426 Sächſiſches Militair hier eingezogen,
36 410 701 470 u. in die Stadt vertheilt worden, auch
39 465 672 531 hat der auf dem Amte logierende
37 522 725 592 Sächſiſche HE. Major v. Klengel, welcher
37 583 710 640 am 27ſten die Salve garde für Barby
37 632 722 697 u. Gnadau von dem HE. Feldmarſchall
34 688 717 757 Ney aus Schönebeck mitgebracht hatte,
37 744 685 803 wiederum eine Schildwache vor das
41 795 711 864 Schloßthor postiren laſſen. Doch befin⸗
41 857 718 919 den ſich auch noch Franzoſen hier, be⸗
46 910 731 973 ſonders Ponton̅iers, u. ein Comiſsair
42 963 738 1024 logirt im Schloſſe. Jn der umliegenden
42 1022 727 1086 Gegend ſollen die Truppen noch weit
43 1073 706 1139 läſtiger geweſen ſeyn, als bey uns.
44 1129 724 1194 Gewiß hat unſer Gemeinlein, beſon⸗
47 1188 698 1251 ders das Schloß u. Paedagogium, tau⸗
47 1243 705 1307 ſend Urſache, unſerm l. Herrn für
46 1304 721 1366 Seinen Schuz u. Bewahrung zu dan⸗
