1000 1642
79 124 720 175 Von Stockholm 1801, 1802 u 1803.
738 127 810 173 59.
70 207 760 274 Blitz in ihr Haus einſchlug, u auch in dem Zim̅er,
71 265 763 326 in welchem ſie ſich befand, ſowie in andern Thei⸗
70 324 763 384 len des Hauſes, Spuren ſeiner verheerenden
72 374 766 436 Kraft hinterließ, aber durch die gnädige Len⸗
72 426 766 489 kung des Herrn keine von den im Hauſe an⸗
75 485 550 541 weſenden Perſonen verletzte.
122 530 768 593 Am 18ten Juni zog unſer Bruder, der 80⸗
79 587 778 650 jährige Probſt Strandberg von Torsſchälle, nach⸗
79 644 765 703 dem er ſeinen Dienſt niedergelegt hatte, mit
81 695 770 758 ſeiner Frau hierher, um ſeine letzten Tage
81 749 774 814 ruhig im Genuß der Gemeinſchaft der hieſigen
85 805 769 869 Geſchwiſter zuzubringen, mit denen er ſchon
86 856 776 925 ſeit dem Jahre 1744 in Verbindung geſtanden
86 920 158 973 hat.
137 953 770 1018 Am 4ten Sept. nahm unſre ganze Societät
88 1010 784 1072 mit vielen andern einen wehmüthigen An⸗
89 1066 786 1132 theil an dem Heimgang eines unſrer hoffnungs⸗
85 1122 783 1184 vollſten jungen Brüder, des ledigen Bruders
88 1171 781 1232 Joh. Peter Kjellſtädt, welcher an dieſem Tage
88 1228 772 1286 an einer auszehrenden Krankheit im 23ſten
90 1281 781 1343 Jahre ſeines Alters das Ziel ſeines Lebens
87 1333 791 1399 erreichte, u dadurch ſeines ſehnlichen Wunſches
666 1387 770 1449 gewährt
