1000 1642
165 106 258 162 382.
272 94 865 157 Diarium von Gracehill in Irland
207 167 885 236 Städtchen am Seeſtrande, hauptſächlich in
208 227 889 289 der Abſicht, einige unſrer Geſchwiſter zu
206 278 890 342 beſuchen, die ſich des Seebades wegen dort
208 330 901 401 aufhielten. Auf erhaltene Einladung pre⸗
209 387 890 455 digte er Abends in dem Verſam̅lungshauſe
206 446 915 509 der Presbyterianer vor einer zahlreichen
209 499 909 565 Verſam̅lung über die Glückſeligkeit, nichts
212 557 867 625 zu wiſſen, als Jeſum den gekreuzigten.
242 607 895 674 D. 9 Sept. machten die Geſchw. Hartleys
208 660 870 727 den Anfang, in Auftrag der U.A.C. die
208 713 920 783 Chöre der led. Schweſtern u. großen Mädchen
210 769 909 844 in Gracehill zu ſprechen, u. fuhren in den fol⸗
208 824 891 893 genden Tagen damit fort; wobey ſie viel
207 876 913 945 Urſache fanden, dem Hld für die unter ihnen
207 935 907 998 waltende Gnade u. für die Beweiſe der
207 987 903 1060 Arbeit des heil. Geiſtes an ihren Herzen zu
210 1046 885 1108 danken. Sodann gaben 15 junge ledige
208 1103 898 1165 Schweſtern, nachdem ſie zuerſt von ihren
206 1156 908 1221 Chorarbeiterin̅en waren geſprochen wor⸗
207 1206 906 1278 den, der Synodal Vorſchrift gemäß, vor ei⸗
209 1264 903 1331 ner Com̅itee der A.C. den Handſchlag zur
211 1315 875 1395 Verſicherung, daß ſie ein Eigenthum des
822 1359 901 1416 Hlds
