1000 1642
184 108 280 164 352.
280 97 891 160 Diarium von Gracehill in Jrland
223 180 885 240 mit einem alten Man̅e, den ich ſeinem
219 234 918 299 Anſehen nach anfänglich für einen Preſby⸗
219 292 906 351 terianer von der alten orthodoxen Schule
224 340 917 405 hielt, der ſich aber bald als einen bittern
222 396 937 459 u. verhärteten Atheiſten zeigte, der einen
218 451 896 515 erklärten Haß gegen die Perſon des
222 509 923 575 Hlds u. gegen die Bibel gefaßt hatte. Als
222 566 928 629 er mit ſeinen Gründen nicht mehr fort kon⸗
220 619 916 681 te, fing er an zu ſchmähen, u. ſagte unter
220 675 925 737 andern, daß ich u. meines gleichen in gefäng⸗
218 727 927 792 liche Verwahrung genom̅en werden ſolten.
220 782 909 848 Da ich ihm erwiederte, daß mich ſein Ver⸗
218 831 929 901 folgungs⸗Geiſt nicht befremden kön̅e, den̅
218 889 912 952 mein Meiſter u. ſeine Apoſtel ſeyen auch
218 952 899 1013 wegen der Wahrheit gegriffen u. ge⸗
217 1005 915 1061 mißhandelt worden; ſo antwortete er
218 1056 928 1122 mit Heftigkeit: es geſchahe ihnen ganz recht.
220 1113 930 1176 Jch verließ ihn, nachdem ich ihm feyerlich ver⸗
218 1167 915 1226 ſichert hatte, daß er, als ein alter Mann
217 1222 916 1283 u. ſchon mit einem Fuß im Grabe, bald die
214 1275 935 1342 Wahrheiten der geoffenbarten Religion
216 1331 909 1391 werde anerken̅en müßen, wen̅ er vor
836 1370 923 1408 dem
