1000 1640
84 112 648 180 Erzgebürge, Franken p. 1805.
695 119 773 176 221.
41 178 713 254 ſie beyde dankten mir beym Abſchied
38 235 598 307 für meinen Beſuch recht herzlich.
75 289 696 353 Jn einem andern, nicht weit von da
40 343 692 411 gelegenen Orte beſuchte ich einen von
35 396 717 462 meinen Bekanten, deſſen Chriſtenthum
41 453 716 521 aber zeither leider mehr im Wiſſen u.
35 502 712 571 Reden beſtand, als darin, daß daſſelbe
40 557 721 635 bey ihm zur Kraft und Wirkung aufs Herz
41 624 712 687 gekom̅en wäre. Er ſchien meine Frage:
42 667 724 736 wie es mit ihm ſtehe, ob er denn die heili⸗
45 718 724 793 gende Kraft des Verdienſtes Chriſti an
39 775 725 844 Leib u. Seele erfahre? übel zu nehmen,
45 832 726 902 u. glaubte, es müſſe ihn jemand bey mir
44 884 739 955 verklagt haben. Jch antwortete ihm: daß
48 953 717 1012 ich den Bewegungsgrund zu der Frage
48 996 741 1061 blos in meiner bisherigen Bekantſchaft
49 1051 737 1117 mit ihm u. in der Theilnahme meines Her⸗
50 1103 739 1170 zens an ſeinem Ergehen finde; wen̅ er ſich
50 1153 731 1225 getroffen fühle, ſo ſolte er ſich vor dem,
47 1210 734 1280 der das Jn̅erſte des Herzens erforscht,
50 1265 728 1336 demüthigen, u. ſich von ihm Vergebung u.
50 1314 738 1393 Reinigung von allem ungöttlichen Weſen
662 1367 737 1420 aus⸗
