1000 1640
712 120 788 177 201.
80 183 665 256 No 11. des Ersten Theils der
154 246 638 318 Gemein⸗Nachrichten
323 310 444 371 1806.
53 396 708 466 Aus dem Bericht der Geschw. Fur⸗
43 452 695 512 kels in Ebersdorf von ihren Beſuchen
48 511 732 562 bey unſern auswärtigen Geſchwiſtern
49 570 731 619 u. Freunden im Vogtlande, im Erzgebür⸗
48 625 721 674 ge, in Franken u. einem Theil von Schwa⸗
46 676 392 728 ben, vom Jahr 1805.
98 721 735 796 Jn Bayreuth iſt im Oktober dieſes Jah⸗
52 782 737 847 res der Herr General v. Unruh ſelig aus
52 834 724 906 der Zeit gegangen. Wir hatten noch im
49 886 733 957 Monat April bey unſerm Aufenthalt in
53 942 733 1018 gedachter Stadt angenehme herzmäßige
52 996 733 1068 Unterhaltungen mit ihm, da er uns zwey-
52 1055 714 1118 mal mit ſeinem Beſuche in unſerm Logis
56 1105 742 1174 erfreute. Von ſeinem Regiment und von
58 1156 735 1228 der ganzen Stadt für einen from̅en Man̅
59 1213 740 1289 gehalten zu werden, deſſen schämte er ſich
61 1280 147 1335 nicht.
112 1312 745 1391 Bey unſerm Beſuch in Nürnberg wurden
673 1371 743 1406 un⸗
