1000 1641
149 141 192 193 58.
217 134 861 185 Von Stockholm 1801, 1802 u 1803.
203 211 896 272 wurden für ſie eine Schule der Geduld u Erge⸗
200 270 895 319 benheit. Der unerwartete Heimgang ihrer ein⸗
204 317 891 375 zigen Tochter ſchlug ihrem Herzen eine tiefe
200 373 901 424 Wunde. Seit 30 Jahren litt ſie viel von Kränk⸗
199 425 886 484 lichkeit, u in den letzten Wochen mußte ſie,
198 481 891 537 beſonders im Winter, die Stube hüten. Die⸗
198 536 899 596 jenigen, welche näher mit ihr umgingen, bemerk⸗
197 590 912 648 ten mit Freuden, wie der Geiſt Gottes ſie im̅er
195 647 894 701 mehr von aller eigenen Gerechtigkeit entklei⸗
192 698 882 754 dete, u das Sehnen ihres Herzens einzig auf
192 756 901 812 den Grund der Gnade u des Erbarmens des
202 809 894 866 Heilandes richtete. Jn ihrer letzten Krank⸗
201 864 892 923 heit, die elf Wochen dauerte, fand man ſie
194 916 895 973 im̅er in einer ruhigen u glaubensvollen Ge⸗
195 968 890 1030 müthsſtellung. "Jch habe, ſagte ſie, ſchon lange
201 1027 885 1081 auf meinen Heimgang gedacht, u in vielen
205 1078 887 1136 Herzensgeſprächen mit dem Heiland darüber
199 1134 396 1187 ausgeredet."
250 1183 892 1238 Am erſten Juni erfuhr unſre verwitwete
199 1235 886 1296 Schweſter Palmſtruck mit ihrem Enkelkinde
203 1290 891 1349 eine ausgezeichnete Bewahrung des Heilandes,
199 1343 880 1400 indem bey einem heftigen Gewitter der
795 1392 871 1433 Blitz
