1000 1640
77 181 605 252 No 13. des Ersten Theils
130 235 681 309 der Gemein⸗Nachrichten
315 297 415 354 1806.
48 342 708 419 Bericht des Br. Gregor von einer Be⸗
41 407 710 477 ſuchreiſe, welche er mit ſeiner Frau in
38 461 713 516 Auftrag der Anlt.Conf. in Sarepta auf
41 522 692 570 den Colonien am Wolga⸗Strome ober⸗
38 567 716 643 u. unterhalb Saratof in den Monaten May
42 629 458 694 u. Juny 1805. gemacht hat.
69 674 730 744 Getroſt u. voll Vertrauen, daß der Herr
45 727 721 796 mit uns ſeyn werde, wiewol nicht ohne ei⸗
43 784 733 856 niges Vorgefühl, daß uns manches unerwar⸗
43 836 722 910 tete u. für Fleisch u. Blut nicht angenehme
45 890 717 963 begegnen werde, traten wir am 2.t May
49 940 729 1014 (alten Styls) unſre Reiſe nach den Colonien
50 1002 728 1066 an. Zu einer beſondern Ermunterung ge⸗
50 1055 737 1124 reichte uns die herzliche Theilnahme unſrer
46 1110 737 1176 lieben Geſchwiſter, die uns noch Tages zuvor
50 1160 731 1230 in einigen Verſen dem Heiland empfohlen
50 1215 725 1280 hatten, u. von denen uns mehrere ein Stück
47 1262 741 1335 Weges begleiteten. Wir hatten die ſchönſte
48 1321 742 1399 Witterung, u. die ſonſt ſo öde u. kahle Steppe
640 1374 737 1427 grün⸗
691 112 784 174 259.
