1000 1641
241 107 574 177 vom Jahr 1805.
715 113 804 162 333.
52 179 748 254 D. 12t kehrte ich nach Ballinderry zurück,
50 240 750 306 u. verbrachte den Tag beym HE. Higgin⸗
51 296 749 364 ſon, dem Pfarrer des Kirchſpiels, wel⸗
52 353 687 420 cher mir viel Freundſchaft erzeigte.
53 398 758 469 ☉ d. 13t war ein außerordentlich ſtürmi⸗
56 447 753 526 ſcher u. rauher Tag. Nicht über 65 Perſo⸗
56 504 762 577 nen kamen zur Verſam̅lung, denen ich mit
60 563 753 637 angethanem Herzen eine Predigt hielt.
64 616 760 685 Darauf hatte die Societät eine Verſam̅⸗
62 666 747 742 lung, in der ich zum Schluß den Vorſchlag
68 727 755 799 that, eine Subſcription zu ſam̅eln, um
69 774 752 855 ihre ſchöne große Capelle neu decken,
68 836 761 906 anſtreichen u. repariren zu laſſen, da⸗
68 884 761 959 mit ſich dieſelbe an ihrem Jubelfeſte im
68 941 756 1011 Merz vortheilhaft ausnehmen möchte,
72 995 744 1070 u. es gingen zu dem Zweck ganz hübſche
68 1047 743 1122 Beyträge ein. Da ſich des Abends der
72 1097 760 1173 Wind u. Regen in etwas gelegt hatte,
80 1153 784 1230 ſo ritt ich zum HE. Higginson, u. hielt auf
77 1206 764 1282 ſein Verlangen eine Ermahnungsrede
79 1260 795 1334 vor einer kleinen Geſellſchaft in ſeiner
74 1310 761 1398 Küche. Wen̅ man dabey an die ältere
710 1354 779 1416 Ge⸗
