1000 1640
111 92 653 169 und Hope in Jerſey. 1805.
695 101 776 160 163.
42 169 705 249 Gebrauch ſtarker Getränke ſelbſt
44 231 728 304 zugezogen hatte, von Geſchw. Fenners in
41 286 727 358 ihr Haus aufgenom̅en, wo er alle nöthige
44 338 713 413 Pflege genoß. Auf ſein Verlangen be⸗
42 394 720 469 ſuchten ihn einige Brüder, welche ihn ſehr
41 450 735 521 verlegen um ſeiner Seele Seligkeit fanden.
43 502 716 570 Mit vielen Thränen erkan̅te u. bereute
43 553 721 632 er ſein bisher geführtes ſchlechtes Leben.
44 612 731 676 Da er nun zum Hld, als dem Freunde aller
43 666 732 734 armen Sünder, gewieſen wurde, ſo ſchrie
46 717 729 793 er zu Jhm um Gnade u. Barmherzigkeit;
50 775 728 840 u. man kan hoffen, daß er wie ein Brand
49 827 705 895 aus dem Feuer errettet u. vom Hld zu
48 884 727 953 Gnaden angenom̅en worden iſt. Dieſer
49 933 727 1010 Vorfall, über welchen in der Begräb⸗
49 988 730 1062 nißrede von Br. Loskiel mit Nachdruck
50 1046 746 1117 geredet wurde, ſchien beſonders auf un⸗
51 1095 731 1175 ſre jungen Leute einen tiefen Eindruck
57 1168 246 1222 zu machen.
87 1199 717 1270 Am 4t Dec. wurde die Leiche unſers
57 1249 737 1328 Freundes, des Herrn Carl Cist von Phila⸗
55 1304 731 1383 delphia, welcher bey einem Beſuch ſeines
642 1353 739 1427 Schwa⸗
