1000 1643
209 109 284 161 188.
413 96 717 173 Wachauiſche
242 179 926 241 u. in den Jahren 1799 u. 1800. einer von
235 233 918 294 den außerordentlichen Geſandten der
239 290 902 348 vereinigten Staaten an die Regie⸗
235 346 916 407 rung von Frankreich geweſen iſt, ſeine
236 396 905 461 Tochter u. noch drey andre Töchter ſeiner
234 452 916 514 Verwandten u. Freunde zur Erziehung
234 502 917 570 hieher. Er beſprach ſich bey der Gelegen⸗
233 564 914 623 heit mit mehrern Brüdern ausführlich
231 606 943 688 über unſre Verfaßung u. Einrichtungen,
232 666 930 736 ſo wie über das Miſſionswerk der Brü⸗
234 727 316 782 der.
259 771 930 841 Am 8t Aug. hielt Br. Kramſch bey der
232 834 906 895 Deutſchen Kirche an der Muddy-Creek
232 887 891 948 das Begräbniß des Knaben Andreas
226 941 896 1004 Schwarz, der auf eine höchſt traurige
226 994 906 1059 Weiſe ſein Leben geendigt hatte. Er
231 1063 917 1115 war nemlich mit ſeinem ältern Bruder
230 1118 919 1174 in den Buſch gegangen, um einen Baum
232 1161 903 1225 zu fällen. Als der Baum fiel, blieb ein
226 1214 873 1280 Aſt deſſelben oben an einem andern
226 1270 915 1339 Baume hängen, ſtürzte einige Zeit dar⸗
230 1325 903 1393 auf 〚.d〛 ohne daß ſie es gewahr wurden,
842 1370 913 1419 her⸗
