1000 1640
195 98 561 162 Gemeinen 1805.
693 105 771 161 193.
42 167 709 238 raum von 25 Jahren ſind 367 Kinder
41 229 735 297 getauft worden, von welchen 205 Gemein⸗
41 274 714 349 oder Societäts⸗Geſchwiſter zu Eltern
37 328 719 403 hatten. 161 Perſonen ſind zur Societät hin⸗
41 385 721 460 zugethan, 60 ſind in die Gemeine aufge⸗
41 436 721 508 nom̅en, u. 14 erwachſen getauft worden,
42 492 715 564 unter welchen leztern ſich ein Neger u.
43 545 721 615 drey Negerin̅en befanden. 70 Perſonen
44 600 716 672 ſind auf unſerm Gottesacker begraben
46 658 683 727 worden, von welchen 54 Gemeinglieder
46 730 190 772 waren.
87 758 723 833 Beym Schluß des erſten Jahres 1780.
54 818 703 890 beſtand die Gemeine in Hope aus 122.
53 869 704 948 Perſonen, u. am 26t Aug. 1805. belief
55 926 728 1007 ſich die Anzahl ſämtlicher Einwohner auf
55 993 127 1053 187.
99 1027 736 1097 Die Gemeine in Friedland iſt von Deut⸗
58 1086 729 1161 ſchen Familien angelegt worden, die zu⸗
57 1147 723 1209 vor in Neu⸗England u. zwar in Maine
57 1193 729 1265 an der Broadbay gewohnt hatten, u. dort
61 1249 722 1319 von einem Bruder mit dem Evangelio
61 1305 737 1377 bedient worden waren. Die erſten der⸗
641 1342 742 1393 ſelben
