1000 1642
202 108 291 179 242.
319 98 831 172 Schreiben des Br. Krause
260 182 899 249 abmarſchieren ſoll. Die Officiers u.
259 248 921 313 gemeinen Soldaten haben ſich hier
253 288 941 368 ſehr ſtill betragen, u. mehrere wohn⸗
255 357 908 426 ten den Versam̅lungen andächtig
258 412 335 468 bey.
300 463 928 531 Die Ausſichten ſind trübe, u. wir
249 518 952 595 wiſſen nichts dabey zu thun, als zu be⸗
250 581 921 643 ten u. uns dem treuen Hld., der das
249 631 924 699 Aug’ u. Wächter Seiner’ armen Kin⸗
254 694 899 767 der iſt, angelegentl. zu empfehlen.
375 801 719 871 Vom 10ten October.
301 856 942 935 Nachdem unſre erſte Einquartie⸗
246 912 939 987 rung am 9ten abgezogen war, wur⸗
246 975 934 1034 den uns an demſelben Nachmittag zu
245 1027 916 1089 unſrer groſſen Beſtürzung über 5.
246 1076 932 1152 Compagnien Preuß: Jnfanterie, zu⸗
247 1140 914 1202 ſam̅en 1000. Man̅, nebſt ca 150. Pfer⸗
246 1195 930 1260 den und mehrere dazu gehörige Wagen
247 1247 929 1313 angeſagt, u. Abends nach 6. Uhr rückte
245 1307 913 1375 alles dieſes bey uns ein: Wir hatten
828 1370 918 1436 kaum
