1000 1640
49 112 779 195 Schreiben des Br. Verbeek, Philadelphia 1806.
778 133 831 185 143.
45 190 758 259 Tagen ergeben wird, fertig zu machen, u hauptſächlich
41 246 741 314 einen ganz kurzen Bericht von unſrer Seereiſe
41 301 739 366 geben, von welcher ich zwar auch ein etwas aus⸗
41 353 736 422 führliches Diarium größtentheils fertig habe,
38 411 701 472 das aber doch jetzt noch nicht mitfolgen kan̅.
70 461 756 529 Durch meinen am 20ſten May früh bald nach
42 517 752 580 der Abfahrt von Cuxhaven dem abgehenden Loots
44 572 749 636 mitgegebenen Brief hat die U.A.C. unfehlbar die
46 620 770 692 letzte Nachricht von uns erhalten; möglich iſt es in⸗
49 680 743 745 deſſen, daß dieſelbe etwa durch die Herren van
49 741 747 799 der Smiſsen in Altona vernom̅en hätte, daß
51 793 758 850 uns am 22ſten May nicht weit vom Eingange des
51 845 761 902 Canals das an ſie adreſſirte Schiff des Br. Haga,
54 894 752 956 the Amſterdam-Packet genan̅t, begegnet, u die
50 951 755 1011 Lovely Matilda von demſelben verkan̅t worden ſey.
102 995 699 1060 /: Anmerkung: dieſes iſt nicht geſchehen. :/
104 1050 755 1114 Die Kriegſgefahren anlangend, iſt unſre See⸗
63 1106 760 1171 reiſe, nachdem unſer Schiff erſt von den Engliſchen
65 1160 773 1218 Blokade⸗Schiffen vor der Elbe, u hernach nochmals
65 1207 760 1278 von Engliſchen Kriegsſchiffen auf der Höhe des Tex⸗
70 1260 763 1332 els gründlich unterſucht, auch unſre Päſſe kürzlich
71 1314 766 1385 angeſehen wurden, ſo ungeſtört geweſen, als es im
698 1359 763 1420 tief⸗
