1000 1641
709 109 811 173 329.
181 112 505 169 vom Jahr 1805.
54 183 503 251 Lande leider ſehr groß.
76 237 753 302 ☉ den 6ten predigte Br. Montgom̅ery in
55 291 750 358 unſers alten Br. Thomas Brown’s Hauſe
56 342 753 416 vor einer kleinen Geſellſchaft, u. taufte
57 399 758 469 ein Kind. Abends ging Br. Hartley auf er⸗
57 455 758 526 haltene Einladung nach Ballymena, u. pre⸗
58 513 753 582 digte mit einem warmen Herzen vor ei⸗
59 563 750 632 nem zahlreichen Auditorio in der Metho⸗
64 616 724 692 diſten⸗Verſam̅lung von der Nachfolge
64 671 540 742 unſers gekreuzigten Hlds.
93 722 762 792 Die Brüder hatten ehemals in Ballyme⸗
67 776 757 846 na ein Verſam̅lungs⸗Haus, welches 300.
70 837 772 903 Zuhörer faſſen konte; aber vor einigen
71 887 772 958 Jahren wurde daſſelbe um eine Kleinig⸗
68 939 767 1006 keit verkauft, u. iſt nun in einen Stall
72 993 715 1067 nebſt Zubehör verwandelt worden.
73 1042 785 1115 Seitdem hatte kein Bruder in dieſer Stadt
77 1097 778 1173 geprediget. Die Einwohner ſtehen in dem
72 1152 762 1228 Ruf, daß ſie zu ſehr darauf bedacht ſind,
77 1206 777 1279 etwas vor ſich zu bringen, als daß ſie ſich
80 1260 757 1336 darum beküm̅ern könten, wie ſie ſelig
79 1309 799 1392 werden ſollen. Ballymena iſt nemlich einer
712 1355 770 1395 der
