1000 1642
85 124 708 176 Beſuch in Mähren, April 1806.
729 120 793 168 83.
36 207 747 269 waren, u die, je weiter wir jetzt vorrückten,
33 263 732 324 leider durch noch vorhandene Beweiſe nur all⸗
35 311 744 377 zudeutlich beſtätigt wurden. Ueber Wiſchau
33 368 752 432 näherten wir uns auf der Kaiſerſtraße, welche
33 425 749 482 wir in dieſem Städtchen wiederfanden, dem großen
36 478 740 538 blutigen Schlachtfelde, welches eine Menge trau⸗
38 530 741 593 riger Merkwürdigkeiten darbietet. Der Gedanke,
39 587 737 647 wie ſo große Schaaren von Völkern aus nahen
39 633 735 699 u weit entfernten Ländern in dieſem Diſtrict
40 691 733 756 vor kurzem zuſam̅engeeilt, um gewaltſam
41 746 738 813 ihren gegenſeitigen Untergang zu bewirken, —
43 800 739 864 wie Tauſende meiner Mitmenſchen ihr Leben
43 851 743 920 hier ſchmerzhaft verblutet, u andre Tauſende
45 905 742 966 verſtüm̅elt u als Krüppel elend umherſchleichen
54 960 751 1022 — wie noch manche Eltern ihr Kind, manche Bluts⸗
47 1014 745 1071 verwandte ihren Freund troſtlos beklagen, der
54 1065 750 1129 auf dieſen Feldern ſein Grab frühzeitig gefun⸗
52 1122 762 1183 den hat, erfüllte mein Herz mit Wehmuth, u nur
51 1174 754 1236 die Hoffnung, daß auch mancher hier in ſeinen
55 1226 747 1288 letzten Stunden ſeine Zuflucht zum Heiland
55 1280 750 1341 genom̅en haben möge, u Jhm zur Beute ge⸗
58 1334 750 1394 worden ſey, diente mir zur Aufmunterung.
670 1383 734 1440 Eine
