1000 1642
109 129 736 190 Beſuch in Mähren, April 1806.
760 142 817 195 69.
71 220 791 280 unſerm Bruder Scheurl in angenehmer Bekan̅tſchaft
71 279 787 339 ſteht, u von dem wir ſehr freundſchaftlich aufgenom̅en
69 331 779 391 wurden. Er begab ſich mit uns auf den ſehr hohen
72 384 778 442 Berg, an deſſen Fuße die Stadt erbauet iſt. Am
71 435 778 497 Abhange dieſes Berges, unweit der Brüderkirche,
71 488 778 548 zeigte er uns ein kleines Haus, in welchem der
71 542 780 602 ſelige Comenius den Kindern Schulunterricht er⸗
71 594 778 655 theilt haben ſoll, u aus welchem, nach ſeiner Er⸗
72 650 781 711 zählung, derſelbe einſtmals mit Steinen vertrie⸗
71 706 782 764 ben worden; er habe ſich darauf auf den Gip⸗
75 757 785 823 fel des Berges geflüchtet, u ſich daſelbſt in dem
70 812 783 875 damaligen Gehölze einige Zeit verborgen ge⸗
76 865 801 930 halten. Noch ehe man die ganze Höhe des Berges
74 921 772 984 erreicht hat, zieht ſich ein gleicher, breiter Steg
76 974 793 1032 längst demſelben hin, von dem man auf einen
79 1028 790 1084 kleinen Garten, der jenem lieben Man̅e zuge⸗
82 1079 791 1143 hörig geweſen, ſowie auch gerade auf die Hinter⸗
82 1132 756 1192 〚ſtraße〛 ſeite der Brüderkirche u anderer
79 1184 786 1247 daran ſtoßender Wohnungen hinab ſieht. Faſt
81 1239 781 1297 in gleicher Richtung weiter aufwärts befindet
84 1284 787 1353 ſich ein ſchönes, großes Bergſchloß, welches aber
89 1337 786 1404 jetzt bey den geweſenen Kriegsumſtänden in
736 1399 781 1441 ein
