1000 1643
179 124 247 173 104.
258 116 847 199 Beſuch in Mähren, April 1806.
229 203 924 257 theils zu weit entfernt waren, ſo übergaben wir
229 258 922 313 dieſem Bruder zur zweckmäßigen Vertheilung
230 312 926 372 an die dürftigſten, welche ihm ohnehin ſehr wohl
224 366 925 423 bekan̅t ſind, noch eine Sum̅e des uns zugeſtell⸗
227 426 927 481 ten Geldes; wogegen er uns eine Quittung ein⸗
221 477 926 534 händigte, u ſich verbindlich machte, über die An⸗
224 530 927 590 wendung dieſes Geldes bey der Gemein⸗Direc⸗
223 586 872 645 tion in Gnadenfeld Rechnung abzulegen.
269 640 918 699 Vergnügt u froh eilten wir nun unſerm
220 691 918 756 Wohnorte zu, u am 1ſten May gegen Abend
225 750 917 803 trafen wir von Herzen dankbar u beſchämt
220 805 929 866 für den Beyſtand u die gnädige Leitung unſers
218 860 931 922 lieben Herrn wieder in unſerm l. Gnadenfeld ein.
