1000 1643
165 121 220 179 88.
240 116 886 170 Beſuch in Mähren, April 1806.
214 209 921 267 die Vertheilung der Gelder an die dürftig⸗
213 267 916 322 ſten der hieſigen Gegend, die dem Conſiſtorio
212 320 917 374 beſſer als uns bekan̅t ſeyn mußten, ange⸗
210 374 920 426 ordnet werden ſollte. Als wir daſelbſt unſre
212 426 905 485 Empfehlung von dem HE. Erzprieſter Schwa
208 479 908 534 in Troppau überreicht hatten, erſuchte uns
207 534 915 586 einer der anweſenden Herren, ihm zu folgen,
210 586 913 644 u führte uns zu dem Präſes, dem HE. Baron
210 642 919 697 von Wallſtädt. Derſelbe erkundigte ſich alsbald
210 697 927 756 ſehr genau nach dem Wunſch der Wohltätigkeits⸗
210 749 916 811 Geſellſchaft in Abſicht auf die Vertheilung der
206 805 916 867 Gelder, u gab ſodan̅ zu erken̅en: er ſehe dieſe
201 862 921 915 Wohlthaten als einen beſondern Beweis von
207 914 910 973 Menſchenliebe an; das Conſiſtorium ſehe ſich
209 970 920 1026 verpflichtet, ganz nach dem Plane dieſer werth⸗
208 1022 914 1086 geſchätzten Geſellſchaft zu handeln, u müſſe
206 1079 914 1139 alſo nicht blos ſeinen eigenen Diſtrict, wen̅
208 1134 911 1189 auch derſelbe ſehr viel zu leiden gehabt, ins
200 1188 887 1247 Auge faſſen, ſondern ganz unpartheyiſch u
206 1241 915 1300 ohne das geringſte eigene Jntereſſe dieſe Ver⸗
204 1293 913 1354 theilung zu bewirken ſuchen; u um ſolches
205 1348 911 1405 reichlich überdenken zu kön̅en, wünſchte er,
839 1384 907 1439 daß
