1000 1642
194 110 289 169 328.
294 98 919 164 Diarium von Gracehill in Irland
226 187 928 253 Rückwege wurde das heil. Amhl 2 alten
227 242 931 310 Leuten gereicht, die ganz verſchieden von
228 306 932 361 dieſer Frau waren; ſie wußten, an wen
229 356 903 422 ſie glauben, u. freuten ſich der freyen
226 406 930 475 Gnade in Jeſu Chriſto. Uebrigens iſt die Ar⸗
225 459 929 529 muth, die Unreinlichkeit u. das Elend der Leu⸗
223 515 923 577 te aus der niedern Volksklaſſe, beſonders
224 569 907 638 wen̅ ſie durch Altersſchwäche unbehülflich
222 631 906 694 werden, ſo groß, daß ſich diejenigen, die
222 685 916 748 es nicht ſelbſt geſehen haben, keine Vor⸗
222 738 918 797 ſtellung davon machen kön̅en. Den 4ten
221 796 915 852 wurde in Lisnafillen u. Gloonen beſucht.
225 845 918 912 Es iſt in der That etwas angreifendes zu
221 900 926 964 ſehen, daß ſo viele Kinder unſrer Geſchwi⸗
221 956 926 1018 ſter in Unwiſſenheit aufwachſen, weil ſie
218 1015 902 1080 aus Armuth zu Hauſe gehalten werden;
218 1070 912 1130 da ſie dan̅ in der Folge die Gemeine ganz
217 1122 924 1182 verlaſſen u. keinen Gottesdienſt mehr be⸗
217 1174 919 1240 ſuchen. Ueberhaupt iſt die Anzahl von jun⸗
215 1233 906 1291 gen Leuten aus allen Verfaſſungen, die
214 1284 905 1349 in Abſicht auf Religion ganz gleichgültig
213 1341 907 1414 denken u. völlig heidniſch leben, hier zu
843 1394 920 1443 Lan⸗
