1000 1641
162 127 222 199 64.
228 127 883 184 Von Stockholm 1801, 1802 u 1803.
223 216 903 277 Er hörte gern Heimgangsverſe bey ſeinem
215 269 913 325 Bette ſingen, u bezeugte wiederholt ſeine
216 320 906 382 frohe Hoffnung, im Glauben an das Ver⸗
214 376 861 432 dienst des Heilandes, als ein armer
213 424 912 486 Sünder, der für alles Vergebung gefun⸗
214 481 911 547 den hat, bald in die Arme ſeines Erlö⸗
215 532 911 609 ſers überzugehen. Dieſes Glück wie⸗
214 592 871 666 derfuhr ihm im 80ſten Jahre ſeines
215 665 365 716 Alters.
