1000 1642
205 106 858 183 262.  Br. Gregors Beſuch auf den
252 179 935 240 von der Gnadenarbeit des Heil. Geiſtes
251 239 937 297 an den Herzen der Menſchen nach Anlei⸗
248 292 935 354 tung des Evangelii ab. Nachmittags pre⸗
250 345 933 407 digte ich über die Epiſtel von Annehmung
251 399 941 461 des Wortes, das unſre Seelen ſelig machen
248 451 935 516 kan, u. wurde dabey inne, daß die Eimwoh⸗
245 505 931 569 ner dieſes Orts an die geſunde Weide des
247 561 947 627 Evangelii durch treue Seelſorger gewöhnt
250 614 932 681 ſind. Nach der Predigt machten wir in Ge⸗
248 669 937 734 ſellſchaft des Paſt. Hiemer angenehme
247 730 902 788 Beſuche in den Häuſern der mehreſten
247 779 944 843 Geſchwiſter. Viele derſelben ſchloſſen ſich
247 841 921 894 an unſern Zug an, die dann mit uns das
245 888 937 955 Grab des sel. Paſt. Seifart auf hieſigem
239 945 935 1009 Kirchhofe beſuchten, der gerade an die⸗
248 1005 933 1063 ſem Sontage vor einem Jahre ſein Ta⸗
249 1054 934 1117 gewerk hienieden vollendet hat. Abends
245 1104 920 1178 vergnügte ſich die Geſellſchaft in Paſt.
240 1166 926 1226 Hiemens Hauſe mit dem Singen mehre⸗
248 1226 918 1283 rer ſchönen Lieder aus dem Brüderge⸗
247 1274 913 1335 ſangbuch. Montags den 8.t fuhren wir
246 1329 933 1395 zuerſt 10 Werſt weiter nach Ustsolicha,
864 1383 920 1416 wo
