1000 1641
204 104 530 172 vom Jahr 1805.
708 113 798 175 369.
53 180 747 255 u. da er durch einen jungen Menſchen,
52 247 745 313 der ihm entgegen geſchickt worden war,
49 292 745 367 eine freundſchaftliche Einladung von HE.
49 352 734 423 Hamilton, einem Prediger zu Armagh,
53 396 755 475 erhielt; ſo ging er noch denſelben Abend da⸗
52 455 761 527 hin, u. verbrachte den 30t in dieſer intereſ⸗
54 504 740 579 ſanten Stadt u. Landſchaft. Nachdem er
56 565 756 638 einige unſrer Freunde in dem Dorfe Hock⸗
55 617 738 694 ley beſucht hatte, predigte er Abends in
56 673 759 745 dem ſchönen neuerbauten Verſam̅lungs⸗
57 724 777 799 Saal in Armagh, vor einer ziemlich anſehn⸗
62 781 772 857 lichen Geſellſchaft. HE. Hamilton, der einer
62 835 782 910 der thätigſten Mitglieder der evangeliſchen
62 887 761 963 Societät in Ulſter iſt, arbeitet in der Nach⸗
62 939 757 1017 barſchaft in Segen, u. nicht weniger als 16.
69 991 764 1071 junge Leute ſind bin̅en wenigen Jahren
68 1051 747 1124 aus ſeiner Gemeine in das Jnſtitut des
70 1109 778 1188 HE. Haldanes nach Edinburg gegangen, um
69 1161 762 1230 zum Predigtamte erzogen zu werden, u.
68 1210 766 1289 manche von ihnen ſind ſchon active Predi⸗
73 1261 753 1338 ger in hieſigen Landen. D. 31. kehrte Br.
67 1311 761 1397 Hartley über Portadown nach Ballinderry
708 1369 765 1421 zu⸗
