1000 1640
169 98 615 167 um Bethlehem. 1804.
711 115 783 164 157.
50 174 741 247 Abſicht auf dieſes Anſuchen einſtweilen
49 234 705 302 auf die in England heraus kom̅enden
45 293 602 357 Periodical Accounts verwieſen.
84 340 715 408 Die Versam̅lungen am Weihnachts-
51 398 731 468 feſt wurden ungewöhnlich zahlreich be⸗
51 452 730 522 ſucht, u. zu einem Liebesmahle welches
50 506 726 576 am 2t Feyertage mit den Kindern ge⸗
51 554 726 631 halten wurde, fanden ſich über 100. der-
53 626 263 682 ſelben ein.
101 658 716 735 Die Gemeine in Philadelphia hat
52 723 707 790 im Jahr 1804. um 17 Perſonen zuge⸗
54 773 713 841 nom̅en, und beſtand beym Schluß des
55 831 556 894 Jahres aus 217 Mitgliedern.
104 882 737 949 So hat auch die Gemeine in Gnaden⸗
53 937 740 1004 hütten am Muskingum in dieſem Jahre
52 994 736 1058 einen Zuwachs von 20 Perſonen gehabt.
98 1043 731 1112 Jn Emaus hatte Br. Molther am 31t
56 1095 733 1166 Okt. das Unglück, ſeinen linken Arm
59 1149 737 1223 dicht an dem Gelenke der Hand zu bre⸗
59 1214 723 1276 chen, u. denſelben noch an einigen an⸗
60 1256 740 1333 dern Stellen zu beſchädigen. Erſt am
636 1313 686 1384 9t
