1000 1640
89 113 647 181 d. d. Neudietendorf. Oct. 1806.
687 117 766 168 243.
31 191 697 268 kaum ſo viel Zeit, die nöthigen Anſtal⸗
30 250 712 320 ten zu ihrem Unterkom̅en u. zu ihrer
29 302 695 380 Beköstigung zu treffen, u. die Geſchw.
30 358 707 438 im Orte, so wie das Brr:Haus, welches
31 421 731 490 200. Man̅ einnehmen mußte, desgleichen
35 473 694 554 der Gaſthof u. das Gut wurden ſehr
32 530 693 600 mitgenom̅en. Die Bereitwilligkeit
34 580 699 658 und das Mitleiden unſrer Geſchw. mit
35 637 726 709 dieſen Leuten, die nach einem Marſch
32 691 727 770 von 11. Stunden ganz ermüdet u. hung⸗
39 754 728 821 rig ankamen, gereichte uns dabey zum
36 808 681 879 Trost u. Vergnügen. Beim Abzuge,
35 861 721 940 welcher am 10ten früh erfolgte, bezeigten
40 916 685 988 ſich die Einquartierten ſehr dankbar.
92 971 682 1040 Von dem Zweck dieſer forcirten
37 1024 719 1101 Marſche erfährt man nichts zuverlä⸗
45 1083 725 1159 ſſiges, u. der beunruhigenden Gerüch⸗
43 1138 727 1209 te ſind ſo viele, daß man froh iſt, wen̅
46 1192 701 1265 man damit verſchont bleiben kan̅.
162 1250 502 1317 Vom 15ten October.
72 1301 722 1375 Am 10ten wurden uns abermal 200.
