1000 1643
203 110 281 159 170.
368 100 874 165 Bethlehem, Nazareth,
243 177 887 248 9. Jahre in Philadelphia gewohnt
238 237 906 301 hatte, zog er nach Litiz, um die Zeit, da
236 296 917 356 dieſer Gemeinort zu bauen angefan⸗
237 341 909 409 gen wurde, u. legte daſelbſt eine Roth⸗
237 398 920 469 gerberey an. Auf ſeinen oftmaligen
232 456 915 520 Reiſen erfuhr er manche beſondere Be⸗
235 510 904 572 wahrungen ſeines Lebens. Als er ein⸗
234 564 919 625 mal auf einem Karren rohe Häute für
234 617 915 685 ſeine Gerberey holte; ſo geſchahe es auf
234 673 884 738 dem Rückwege, da er auf der Ladung
234 729 894 788 im Karren ſaß, daß letzterer umge⸗
233 783 915 840 worfen, u. er von demſelben u. der gan⸗
234 830 918 900 zen Ladung bedekt u. noch ein Stück Weges
233 889 921 962 ſo fortgeſchleift wurde. Er war nicht im
230 954 908 1011 Stande ſich zu helfen, u. nur auf ſein an⸗
231 999 899 1067 haltendes Geſchrey kam endlich jemand
231 1055 900 1125 zu ſeiner Hülfe herzu, u. es zeigte ſich,
229 1117 883 1173 daß er keinen Schaden genom̅en hatte.
231 1170 871 1229 Ein andermal, ungefehr 6 Jahre vor
228 1215 928 1293 ſeinem Ende, fuhr er in einem mit Salz⸗
229 1273 909 1339 fäſſern beladenen Wagen. Dieſer wur⸗
225 1325 892 1400 de auch umgeworfen, u. eines von den,
835 1362 889 1412 Fäſ⸗
