1000 1643
200 113 276 164 178.
410 99 704 171 Wachauiſche
236 184 873 243 der Marterwoche vor einer jeden
231 233 907 299 Lection auf dem Saale von den bey ih⸗
235 289 887 357 nen angeſtellten Schweſtern engliſch
235 345 913 408 vorgeleſen worden; auch wurden in al⸗
233 396 914 465 len Verſam̅lungen einige engliſche Ver⸗
233 456 487 520 ſe geſungen.
271 503 909 571 Am 27t Apr. kamen zwey Chiefs von
231 558 902 624 der Cherokee-Nation, Namens Joe und
229 611 915 680 Kenelda auf ihrer Reiſe nach Washing-
231 671 911 740 ton hier durch. Erſterer, der früher kam,
232 725 904 790 hielt ſich ein paar Stunden im Gemein⸗
234 780 884 849 hause auf, wurde daſelbſt geſpeiſt, u.
233 837 889 901 auf unſern Saal geführt, wo ihm das
233 893 914 956 Spiel der Orgel viel Vergnügen machte.
233 952 924 1010 Er war faſt ganz nach Art der weiſſen
229 1007 925 1067 Leute gekleidet u. in ſeinem Betragen
232 1056 882 1122 höflich u. beſcheiden, konte aber nur
231 1111 903 1175 wenig Engliſch reden u. verſtehen. Wir
233 1162 904 1232 präſentirten ihm den Br. Gambold mit
233 1220 900 1286 der Anzeige, daß derſelbe in das Land
230 1285 906 1341 der Cherokees ziehen werde, um ihnen
231 1334 841 1401 das Evangelium zu verkündigen.
809 1372 909 1421 James
