1000 1642
75 113 744 166 Von Stockholm 1801, 1802 u 1803.
763 117 820 178 35.
65 186 757 260 dieſem Freund und Gön̅er der hieſigen Brüder⸗
63 249 755 309 Societät im Namen derſelben u der ganzen
65 296 778 365 Brüder⸗Unität den herzlichſten Dank für ſeine
68 351 764 423 vielfachen, uns erwieſenen Dienſte zu bezeugen,
70 405 768 474 u ihm den Gnadenlohn des Heilandes dafür an⸗
71 461 755 531 zuwünſchen. Der Kranke war tief gerührt,
70 514 770 581 bat alle Geſchwister in Stockholm u an allen
71 565 779 634 Orten von ihm zu grüßen, u ſie zu versichern,
73 623 776 689 daß er als ihr aufrichtiger Freund u mit ihnen
73 674 780 744 auf einen Grund des Glaubens u der Liebe ver⸗
75 727 770 798 bunden, nun in gläubiger Zuverſicht auf das
77 783 776 854 Verſöhnungsopfer Jesu mit Freuden aus dieſer
78 839 768 906 Welt ſcheide. Den Tag darauf genoß er in
81 891 772 957 einer für alle Anweſende ſehr erbaulichen
86 943 771 1012 Herzensſtellung das heilige Abendmahl, bey
82 997 777 1066 welcher Gelegenheit er in Gegenwart ſeiner
85 1050 785 1119 Familie, ſeiner Dienerſchaft u ſeines Ge⸗
84 1105 778 1171 ſindes, welche er ausdrücklich hatte zuſam̅en
84 1156 788 1223 kom̅en laſſen, bezeugte, daß ſein feſtes Ver-
88 1210 785 1274 trauen auf die Gnade u Barmherzigkeit des
91 1263 783 1331 Heilandes die einzige Urſache des getroſten
88 1316 765 1381 Muthes ſey, mit welchem er ſeinem Tode
739 1370 797 1403 ent⸗
