1000 1642
79 108 739 177 Brief von Br. 〚Byham, April〛 \Zeisberger, May/ 1805.
753 121 806 175 15.
69 198 766 260 unter den Creeks iſt uns ſehr intereſſant zu ver⸗
72 249 768 322 nehmen, u unſer herzliches Flehen zum Heiland
72 306 757 380 iſt, daß Er ſeinen Segen dazu verleihen u
71 359 765 433 ſelber den Weg bahnen wolle; ſo iſt kein Zwei⸗
68 412 771 482 fel, daß die Unternehmung wohl von Statten
72 467 770 537 gehen wird zum Preiſe Seines heiligen Namens,
71 517 769 587 den wir ja gern den Heiden bekan̅t machen
72 568 767 643 wollen, daß ſie an Jhn glauben, u durch den
73 628 765 694 Glauben das ewige Leben haben. Jch denke
74 678 773 752 oft mit Vergnügen der vorigen Jahre, da
74 733 768 802 wir ſelige u herrliche Zeiten der mächtigen
78 789 777 860 Gnade unſeres lieben Herrn unter den Jndi⸗
76 841 772 912 anern gehabt haben, daß es eine Luſt war,
76 890 789 964 unter ihnen in ihrem Lande zu wohnen. Wie
80 949 770 1016 viele Zeugen u Män̅er Gottes von ihnen
79 998 785 1077 ſind nun beym Herrn daheim! Unſre besten
77 1058 785 1128 u brauchbarſten Leute hat Er zu sich genom̅en,
83 1110 782 1174 u was wir noch haben, ſoll auch fertig gemacht
79 1157 782 1226 werden, der Gemeine, die beym Herrn iſt, ein⸗
81 1205 774 1278 verleibt zu werden. Jetzt müſſen wir nur
85 1260 789 1333 ſuchen, das, was wir noch haben, zu erhalten:
86 1316 792 1385 den̅ es iſt auf allen unſern Miſſionsplätzen
696 1376 778 1430 eine
