1000 1642
82 113 750 169 Von Stockholm 1801, 1802 u 1803.
757 117 809 177 31.
66 190 760 259 durch Fleiß u Sparſamkeit unter dem Segen
66 243 767 310 des Herrn ein anſehnliches Vermögen erworben.
68 295 770 363 Vor ungefähr 10 Jahren hatte er den Handel
68 346 751 415 an ſeinen Schwiegerſohn abgegeben, u ſich
69 401 772 472 völlig in die Stille zurückgezogen, u ſeitdem
70 455 766 528 führte er, indem er ſich faſt alle nicht ganz
69 509 766 580 unentbehrlichen Bedürfniſſe versagte, ein
71 563 771 633 wahres Eremitenleben. Um ſeine Seligkeit
72 614 770 688 war er von Jugend auf verlegen geweſen,
73 670 769 746 u hatte dieſelbe mehrere Jahre auf geſetz⸗
72 726 770 795 lichen Wegen mit Furcht u Zittern zu er⸗
73 783 770 852 langen gesucht. Dabey hatte er \im/ Umgange
74 832 766 900 mit Leuten, die das Einige Nothwendige
77 883 774 958 auf mancherley Umwegen ſuchen, viele für
78 936 781 1018 ſein künftiges Leben lehrreiche Erfahrungen
79 992 762 1069 gemacht. Durch die Bekan̅tſchaft mit den
80 1044 773 1119 Brüdern, in deren Gemeinſchaft er im
80 1098 772 1169 Jahre 1760 aufgenom̅en wurde, kam er
80 1145 780 1224 auf die evangelische Spur, u gelangte zum
82 1205 772 1278 wahren Genuſſe der Gnade aus dem Ver⸗
83 1262 786 1329 dienſte Jesu. Es war ihm im̅er eine eigene
93 1314 782 1386 Herzensangelegenheit, die Sache des Heilands
696 1363 775 1402 unter
