1000 1642
53 113 731 169 Beſuch in Mähren, April 1806.
742 114 790 172 81.
34 200 747 264 Verſam̅lungen in der Brüdergemeine, u war über
34 250 745 322 unſern Beſuch recht ſehr erfreut. Er predigt in
37 304 750 372 ſeiner Kirche zwey Son̅tage in böhmiſcher u den
36 358 750 420 dritten in deutſcher Sprache. Da unſre Geſchwi⸗
36 410 761 477 ſter das böhmiſche nicht verſtehen, auch des Win⸗
38 467 728 531 ters bey ſchlechtem Wege nicht wohl in dieſe
40 522 760 585 Kirche gehen kön̅en, ſo haben ſie völlige Freiheit,
41 576 750 636 eigene Erbauungsſtunden des Son̅tags unter
40 631 750 697 ſich zu halten; wozu ſie auch, da es ſeit ei⸗
42 685 760 748 niger Zeit zum Theil etwas gleichgültig damit
44 737 765 804 gegangen war, herzlich aufgefordert u ermuntert
43 803 186 850 wurden.
108 841 760 905 Von hieraus nahmen wir unſern Weg über
48 897 757 961 Altiſchein, Weiſskirchen u Leipnik auf der ſo⸗
54 951 755 1014 genan̅ten Kaiſerſtraße durch ungemein ſchöne
55 1006 759 1068 u fruchtbare Gegenden. Auf beyden Seiten
52 1068 767 1117 rechts u links vom Wege ſieht man in einiger
58 1115 755 1173 Entfernung eine hohe anmuthige, mit Gehölz
56 1170 759 1227 bewachſene Gebirgskette, welche erſt hinter lez⸗
58 1225 768 1275 term Orte mit einer mehr ebenen Gegend ab⸗
58 1277 760 1330 wechſelt, in der wir uns aber bey der un⸗
61 1319 760 1385 freundlichen, naſſen u kalten Witterung, u
721 1370 762 1426 da
