1000 1642
179 112 294 175 344.
294 99 932 166 Diarium von Gracehill in Jrland
259 184 916 246 D. 14t Merz wurde ein Beſuch im Lan⸗
220 241 906 307 de gegen Norden gemacht, u. eine Pre⸗
221 302 903 361 digt zu Lochmageery vor einem auf⸗
219 348 898 414 merkſamen Auditorio gehalten. D. 17t
219 401 901 465 Merz war Br. Hartley in Gracefield, wo
218 458 914 523 er das Söhnlein der dortigen Arbeiter,
218 508 926 580 Geſchw. Schmidts, mit Namen Jacob Ludwig
218 569 919 634 taufte. Abends ging er weiter nach Lis⸗
216 631 891 683 namara, welches vor Erbauung von
218 673 897 743 Gracefield der hauptſächlichſte Aufent⸗
216 732 927 795 haltsort der Arbeiter in der Grafſchaft
211 785 924 844 Derry war, wo aber die Brüder ſeitdem
211 838 931 902 nur ſelten gepredigt haben. Er hielt eine
208 894 918 958 Rede in dem Hauſe des Br. Jos. Waterson,
209 944 909 1015 wobey die größte Aufmerkſamkeit un⸗
208 1011 916 1074 ter den zahlreichen Zuhörern zu ſpüren
210 1065 914 1123 war. ☉ d. 24. Merz fanden ſich nach u. nach
206 1116 919 1179 eine große Anzahl Geſchwiſter von Gra⸗
208 1174 916 1228 cefield ein, um das morgende Feſt mit uns
208 1225 899 1288 zu feyern. Nach der Vormittags⸗Predigt
207 1279 888 1341 machte Br. Hartley bekan̅t, daß er zum
205 1329 895 1405 Andenken des Anfangs der Gemeine in
838 1371 916 1413 Gloo⸗
