1000 1641
149 131 210 183 50.
222 122 889 176 Von Stockholm 1801, 1802 u 1803.
209 216 897 273 Protokoll der Prediger⸗Conferenz vom Jahre
207 269 594 321 1803 eingerückt worden.
244 319 898 379 Am 3ten Auguſt reiſten wir in Geſellſchaft
205 372 903 429 der Admiralin Leyonanker u der Frau Kan⸗
203 424 898 485 terberg fürs erſte nach Öſtra⸗Ried zur ver⸗
198 486 902 538 witweten Probſtin Björner. Hier hat das evan⸗
204 536 900 597 geliſche Zeugniß des Magiſter Wätterdahl ei⸗
200 593 900 649 nen geſegneten Eindruck gemacht. Acht Perſo⸗
200 651 898 704 nen haben ſich näher mit einander verbunden,
201 701 902 757 u kom̅en bisweilen im Pfarrhauſe zuſam̅en.
204 755 904 810 Am 5ten reiſten wir über Linköping nach Solla,
204 810 899 867 einem dem Herrn Oberſten v. Ekenman̅ ge⸗
206 860 903 924 hörigen Landgute. Wir verbrachten daſelbſt
197 916 895 976 einige Stunden u erbauten uns an dem
198 971 902 1032 chriſtlichen Sin̅, der in dieſem Hauſe herrſcht.
194 1023 901 1081 Die ganze Familie, die aus Vater u Mutter
198 1080 903 1136 u 13 Kindern beſteht, ſtellt einen ſprechenden
200 1135 902 1186 Beweis davon dar, wie ſehr ein evangeli⸗
201 1187 902 1245 ſcher Wandel in der Furcht Gottes zur Erhö⸗
200 1241 902 1298 hung des häuslichen Wohles beyzutragen ver⸗
197 1296 895 1349 mag. Ueber Öjebro u Wadſtena, wo wir
205 1340 899 1404 unsre Bekan̅ten beſuchten, langten wir am
844 1384 895 1425 6ten
