1000 1641
260 103 570 164 vom Jahr 1805.
716 113 803 180 385.
55 177 746 249 u. Segens⸗Tag, an welchem 19 Perſonen
55 233 754 306 zur Societät hinzugethan, u. 2. in die Ge⸗
53 294 752 350 meine aufgenom̅en wurden. D. 28 Oct.
53 337 750 411 begab ſich Br. Hartley in Geſellſchaft der
58 393 760 463 Frau Stuart von Wilmount, auf eine kur⸗
58 450 746 522 ze Beſuchreiſe nach Lisburne u. Belfast.
54 505 761 577 An erſtgedachtem Orte predigte er in der
60 558 757 628 Evangeliſchen Verſam̅lung, u. machte den
57 614 769 682 nächſten Tag ſeine Aufwartung bey dem
58 670 777 741 Marquis von Hertford, um mit ihm wegen
62 725 761 791 einiger die Gemeine in Ballinderry be⸗
62 779 665 845 treffenden Umſtände zu ſprechen.
89 835 757 893 D. 9 Nov. kam Br. Montgom̅ery von ei⸗
63 887 764 949 nem in Cootehill gemachten Beſuch zurück,
67 937 769 1005 wovon er folgenden Bericht gibt: Jch ver⸗
67 988 763 1058 ließ Gracefield am 31 Oct. u. kam Abends
71 1050 776 1113 nach Cookstown. Nach einer vorher getrof⸗
72 1096 775 1167 fenen Abrede ſolte ich auf einem großen
72 1156 746 1225 Tanzſaal in einem gewißen Gaſthofe
76 1201 754 1280 predigen, wo Br. Waugh von Gracefield
75 1258 760 1327 einſtens gepredigt hat. Bey meiner An⸗
74 1308 772 1391 kunft fand ich im Saal eine Geſellſchaft jun⸗
729 1360 762 1413 ger
