1000 1642
167 114 267 165 370.
268 101 878 171 Diarium von Gracehill in Irland
218 175 916 242 zurück, u. traf den folgenden Tag in Gra⸗
208 236 895 291 cehill ein, nachdem er auf ſeiner Reiſe
213 284 902 353 theils die in̅igſten Freuden, theils aber
209 342 913 405 auch ſchneidenden Schmerz erfahren hatte.
211 402 926 461 D. 9. Jun. wurde Br. Montgom̅ery zu einem
210 446 929 516 jungen Menſchen, Namens Francis Dunbar
208 502 927 569 gerufen, der tödtlich krank lag. Seine Eltern
208 565 902 625 haben geraume Zeit mit uns in Verbindung
211 618 883 679 geſtanden, aber weder ſie noch ihre Kinder
210 667 918 736 haben ſich dieſes Vorrecht ſo zu Nutze gemacht,
209 728 920 786 wie es zu wünſchen geweſen wäre. Dieſes
209 779 905 841 ſchien auch der Kranke, den Br. Montgom̅ery
207 841 908 896 am Verſcheiden antraf, reuig zu erken̅en;
208 893 916 954 u. ob er gleich wenig ſprach, ſo bezeugte doch
208 950 893 1007 ſeine häufig fließenden Thränen die Buß⸗
208 1003 896 1062 fertigkeit ſeines Herzens. Auch zeigte es
208 1054 908 1119 ſich, daß er ſich deſſen wohl bewußt war, daß
207 1107 903 1172 er die Anforderungen des Hlds an ſein Herz
208 1166 879 1223 vernachläßigt habe, da er ſeiner Mutter
206 1215 884 1277 leiſe ins Ohr ſagte, daß der Anblick eines
206 1278 905 1337 Bruders von Gracehill ſeine Schmerzen ge⸗
205 1328 901 1399 lindert habe. Es wurde ihm liebreich zugere⸗
828 1374 888 1432 det,
