1000 1642
195 110 287 164 250.
323 98 806 171 Schreiben des Br. Hüffel
256 175 898 239 ſelben Tage vor 4. Uhr nahm der
251 238 938 304 Groß⸗Herzog von Berg mit mehrern
251 292 923 357 Generalen das Frühſtück im Schloſſe,
250 352 932 415 u. gegen 11. Uhr Vormittags traf Fürſt
247 411 916 471 Bernadotte mit einem Gefolge von
250 462 938 532 etlich u. 20. Franzöſiſchen Officiers bey
248 530 932 589 uns ein, welche zu Mittag bewirthet
248 583 902 640 wurden, u. dan̅ wieder aufbrachen.
252 631 920 697 Jndeſſ blieben auch viele Officiers
250 689 937 745 beſonders von den Gens d’armes bey
248 737 934 805 uns über Nacht. Für das Schloß u. Pä⸗
247 803 932 864 dagogium erhielten wir 2. Man̅ von
248 852 895 918 den Gens d’armes als Salve⸗garde,
248 914 792 976 welche einige Tage da blieben.
284 963 941 1033 Der 22ſte war der unruhigſte Tag, in⸗
246 1022 945 1093 dem auch, des Morgens gegen 8. Uhr,
247 1080 943 1143 in der Stadt, nicht weit von der groſſen
245 1136 901 1201 Kirche Feuer ausbrach, welches doch,
247 1192 915 1253 ob es gleich windig war, mit Gottes
247 1242 928 1309 Hülfe nach ein paar Stunden gelöſcht
246 1306 928 1375 wurde, ſo daß nur ein Wohnhaus ab⸗
786 1361 912 1414 bran̅te
