1000 1640
62 120 721 172 Schreiben von Br. Kluge, April 1806.
742 120 816 177 135.
50 194 770 263 war vergebens. Dagegen ſuchten ſie uns zu beru-
49 248 749 316 higen, u ſagten, daß ſie den Joſua nicht tödten
47 305 748 365 würden. Wir gaben ihnen darauf Worte an die
50 357 759 419 Capitains mit, denen wir vorſtellen ließen, daß
51 406 758 472 ſie doch ja bedenken ſollten, was ſie thun; Joſua
56 460 764 531 ſey ein alter Gläubiger, u habe mit den Dingen,
52 518 757 585 deren ſie ihn beſchuldigten, nie etwas zu thun gehabt,
54 570 753 632 weil er Gott angehöre, u alle Werke des Teufels
56 622 760 686 verabſcheue; überdies ſey er ein Mahikander, u wie
59 680 758 745 ſie wohl wüßten, als Ueberſetzer mit uns hieher ge⸗
61 732 760 798 rufen worden. Daher ſey unſre ernſtliche Bitte,
66 791 756 852 daß ſie ihn ohne weiteres los laſſen möchten; den̅
67 840 764 903 was ſie ihm thäten, ſähen wir an als uns gethan
70 891 764 956 u. ſ. w. Hier ſahen wir die Heucheley der Wilden
71 950 766 1011 auf’s deutlichſte, den̅ obgleich ſie wohl wußten, daß
70 1004 769 1060 Joſua an demſelben Tage werde ermordet werden,
72 1053 768 1118 ſo verſprachen ſie doch, unſre Worte auszurichten;
74 1111 767 1167 wobey wir aber ihr Mißfallen, daß wir ihn verthei-
75 1162 773 1219 digten, deutlich merkten. Nachdem wir uns wieder
78 1212 771 1281 allein ſahen, übernahm uns eine ſolche Wehmuth,
78 1269 778 1326 daß wir alle in ein lautes Weinen ausbrachen,
86 1318 770 1385 u uns ſo vor unſerm lieben Herrn auf die Knie
674 1366 769 1406 warfen
