1000 1640
191 99 567 164 Gemeinen 1805.
704 109 798 173 189.
50 172 721 244 herunter, beſchädigte den älteren am
43 230 726 298 Arme, u. traf den jüngern ſo heftig auf
46 287 726 353 den Kopf, daß er ſogleich ohne Bewußt⸗
48 337 721 408 ſeyn niederfiel, u. ungeachtet alle Mit⸗
47 392 727 461 tel zu ſeiner Herſtellung angewendet
51 449 735 517 wurden, einige Stunden darauf verſchied.
99 506 730 566 Unter mehrern Freunden, die in die⸗
51 553 711 624 ſem Monat hier waren, befand ſich eine
53 607 707 681 Familie aus Edenton, die ausdrücklich
51 666 726 733 gekom̅en war, um Salem zu ſehen. Sie
51 719 737 789 hatten das Unglück, mit dem Wagen um⸗
53 774 728 843 zuwerfen, wobey ſich die Frau ſehr be⸗
55 826 725 897 ſchädigte. Doch wurde ſie in der Zeit ih⸗
56 880 721 953 res zehntägigen Aufenthalts durch die
56 938 729 1003 von unſerm Arzte angewendeten Mit⸗
55 989 724 1055 tel ſo weit wieder hergeſtellt, daß ſie
58 1040 723 1112 ſich im Orte umſehen u. unſern Verſam̅⸗
55 1095 736 1165 lungen, nach welchen ſie ein großes Ver⸗
55 1155 741 1218 langen hatte, beywohnen konte; ſie war
60 1204 728 1274 ſehr dankbar für die Bewahrung ihres
58 1255 739 1330 Lebens, die ſie bey gedachter Gelegenheit
59 1310 740 1395 erfahren hatte, ſo wie für das nahe Theil⸗
656 1362 735 1421 neh⸗
