1000 1642
83 124 728 188 Beſuch in Mähren, April 1806.
745 129 810 183 97.
62 218 748 286 zur Verantwortung gezogen wurden, u zur
62 275 747 337 Strafe verſchiedene Tage als Arreſtanten
62 324 749 387 Handarbeit verrichten mußten; welches ſie
62 377 755 441 aber gegenwärtig, da der Urheber hiervon
62 430 755 496 mit Tode abgegangen iſt, nicht mehr zu be⸗
66 485 753 552 fürchten haben. Auf unſre Nachfrage wurde
63 540 751 605 uns hier ein ſehr armer dürftiger Bruder
65 597 761 658 genan̅t, der mit ſeiner Frau an der herrſchenden
61 654 757 717 Krankheit, die man auch wol das ruſſiſche Fieber
63 706 764 769 nen̅t, mehrere Wochen lang krank gelegen hat,
63 759 753 821 u allein durch die milden Gaben anderer iſt
66 811 749 873 erhalten worden. Wir ließen ihn zu uns
62 863 750 928 rufen, u fanden ihn, wiewol noch äußerſt
65 920 760 981 ſchwach u elend, doch mit ſeiner ganzen Hoff⸗
64 977 760 1033 nung auf den Heiland gerichtet. Seine dank⸗
67 1024 749 1086 vollen Aeußerungen gegen ſeine Brüder
69 1078 758 1140 für die ihm von denſelben erzeigte Hülfe u
67 1135 769 1195 Unterſtützung, ohne welche er, wie er verſicherte,
70 1186 753 1245 nicht durchgekom̅en ſeyn würde, u die auch
69 1232 780 1304 zugleich von der gegenſeitigen Liebe u Theilnahme
70 1292 773 1356 unſrer Geſchwiſter zeugt, waren uns ungemein
73 1343 760 1405 rührend u erfreulich. Als ihm darauf geſagt
681 1396 756 1455 wurde
