1000 1642
83 124 728 184 Von Stockholm 1801, 1802 u 1803.
741 124 791 180 61.
70 213 751 282 Wohlſeyn erfüllt wurde, u er den ganzen
70 270 756 331 Tag über mehr Thränen des Dankes, als
67 327 760 386 der Traurigkeit vergoß. Dieſe ſeine Ge⸗
72 381 743 444 müthsſtellung theilte er durch gefühlvolle
74 434 768 497 Herzensergießungen ſowohl dem Leichengefol⸗
78 491 767 553 ge, als auch nachher bey einem veranſtalte⸗
73 542 766 605 ten Mahle der zahlreichen Geſellſchaft mit,
79 598 760 665 auf welche es einen geſegneten Eindruck
77 658 209 712 machte.
128 702 754 764 Am ersten December ging der alte
81 752 771 821 ledige Bruder Andreas Olaf Norgreen ſe⸗
81 810 771 872 lig heim. Er war im Jahr 1724 an dem
83 860 771 924 nördlichen Ende von Schweden, in Torneå,
85 917 764 979 geboren, u kam im Jahr 1742 hierher
80 965 770 1032 nach Stockholm. Jm Jahre 1756 wurde er
82 1018 780 1082 Kaſſirer in der Zucker⸗Raffinaderie des
84 1071 781 1140 Herrn Brandel, welches ſehr weitläuftige
92 1127 765 1192 Geſchäft er mit der größten Herzlichkeit
84 1184 781 1241 u Treue beſorgte, bis er \es/ endlich vor Al⸗
83 1236 780 1298 tersſchwäche niederlegen mußte. Jm Jahre
83 1285 765 1346 1753 kam er in Bekan̅tſchaft mit den
91 1337 785 1408 hieſigen Geſchwiſtern, nachdem er ſchon von
743 1383 771 1441 Ju⸗
