1000 1640
107 112 629 174 d. d. Ebersdorf. Oct. 1806.
686 115 783 174 237.
40 193 701 256 chen, weinten mit den Geſchwrn u.
40 247 703 315 ſie mit uns, doch mehr Thränen des
38 302 715 369 Dankes über unſre Erhaltung u. er⸗
39 361 716 430 fahrne Durchhülfe, als des Jam̅ers u.
40 416 714 481 der Klage. Wir haben freil. ſeitdem
41 471 732 549 noch Einquartierung gehabt u. ſo reich⸗
41 532 697 598 lich, daß wieder auch das Gem. Haus
42 585 715 659 nicht verſchont 〚ge〛blieb〚en〛\,/ doch nicht ſo
43 651 120 701 oft.
93 689 708 766 Wie tröſtl. u. zupaſſend uns die
42 753 687 820 Looſungen waren, iſt nicht zu be⸗
51 811 704 874 ſchreiben. “Wen̅ mir angſt iſt, ſo
47 863 724 932 rufe ich den Herrn an” pp — hieß ſie
50 922 722 984 am 9ten Oct. Es war uns ſehr bange,
51 980 721 1039 unabläſſig riefen wir zum Herrn.
50 1033 701 1096 Am 10ten Oct: “Wen̅ ich erwache, ſo
50 1085 751 1152 bin ich noch bey Dir.” — So war es uns,
51 1145 726 1207 unſer Rufen u. Seufzen zum Herrn
53 1199 732 1273 ließ nicht nach, Er hörte, erhörte u. half;
53 1256 693 1316 An unſerm Gemeinfeſt⸗Tage am
53 1296 703 1383 16ten: “Der Herr hat Luſt an Dir.”
