1000 1641
221 103 542 166 vom Jahr 1805.
730 103 813 166 379.
61 169 752 241 Brüder geſinnt war, ſo ließ er ſich oft
59 224 730 300 dadurch zurückhalten, in die Verſam̅l.
62 282 751 357 zu gehen. Endlich traf ihn ein Schlagfluß
59 339 747 407 wodurch er ſeiner Sinne meiſt beraubt
58 392 753 462 wurde; doch seufzete er oft, wen̅ er zu⸗
59 442 752 517 weilen zur Beſin̅ung kam, zum Hld, der
60 500 770 574 ihn, wie wir hoffen, zu Gnaden angenom⸗
58 551 745 629 men hat. ☉ d. 28t July ging Br. Heinrich
61 601 763 677 Steinhauer, der am 12t dieſes hier ankam,
63 654 771 732 u. der während ſeines hieſigen Aufenthalts
67 717 756 783 das Evangelium an verſchiedenen Orten
66 766 760 845 verkündigen half, nach Gracefield, u. predig⸗
66 825 759 893 te ſowohl dort als in Magherafeld vor ei⸗
66 878 757 949 nem zahlreichen Auditorio. Es wäre zu
69 936 759 1002 wünſchen, daß eine Anzahl von jungen,
71 984 712 1059 thätigen, u. dem Dienſte Jeſu ſich ganz
71 1034 781 1104 widmenden Dienern da wäre, die das Land
72 1092 781 1166 mit dem Evangelio durchzögen; ſo würden
73 1146 781 1219 ſich unter dem Segen des Herrn die guten
77 1206 556 1273 Folgen davon bald zeigen.
103 1249 749 1324 Anfangs Auguſt entſchlief der ver⸗
73 1305 766 1387 witw. Br. John Elliot. Er war geboren
713 1353 754 1393 zu
