1000 1643
330 111 847 179 Diaspora im Vogtland,
198 117 305 167 202.
238 188 882 253 unſre Verſamlungen auch dieſesmal
236 247 893 306 wieder von vielen Mitgliedern der
235 298 901 364 Deutſchen Geſellſchaft beſucht, u. unſer
235 361 905 415 lieber Herr ließ uns bey unſerm Bey⸗
232 416 913 478 ſam̅enſeyn ſein Beken̅tniß zu uns tröſt⸗
232 473 547 530 lich inne werden.
273 517 887 583 Jn Schmalwieſen war ſeit unſerm
232 576 910 646 vorigen Beſuch einer unſrer Brüder ſe⸗
231 641 889 694 lig in ſeine ewige Ruhe eingegangen.
230 684 915 750 Sein älteſter Sohn, der auf einem andern
230 739 911 800 Dorfe im Dienſt iſt, kam von ungefähr, als
230 792 877 853 ich mit den Erwekten eine Verſam̅lung
228 842 915 908 halten wolte, in das Haus; u. auf Erſuchen
228 898 904 964 des Hausbeſitzers fand er ſich auch, wie⸗
226 956 897 1015 wol eigentlich gegen ſeinen Willen, in
227 1005 921 1071 der Stube ein, woſelbſt er denn der Rede,
227 1066 910 1134 die gehalten wurde, aufmerkſam zuhör⸗
224 1121 898 1184 te. Nach beendigter Verſam̅lung ſprach
226 1177 897 1235 ich noch beſonders mit ihm, erin̅erte ihn
223 1229 905 1288 an die treuen Ermahnungen ſeines Va⸗
222 1282 890 1347 ters, u. wünschte ihm, daß er demſelben
223 1332 897 1405 im Glauben u. in der Liebe zum Heiland
821 1375 899 1420 nach⸗
