<?xml version="1.0" encoding="utf-8"?>
<pc:PcGts xmlns:pc="http://schema.primaresearch.org/PAGE/gts/pagecontent/2019-07-15" xmlns:xsi="http://www.w3.org/2001/XMLSchema-instance" xsi:schemaLocation="http://schema.primaresearch.org/PAGE/gts/pagecontent/2019-07-15 http://schema.primaresearch.org/PAGE/gts/pagecontent/2019-07-15/pagecontent.xsd" pcGtsId="GT-OCR-GN_1806_1__GN.A.351__154_73550">
  <pc:Metadata externalRef="https://images.iiif.slub-dresden.de/iiif/2/data%2Fkitodo%2FNachaudeB_1745047107_1806_1%2FNachaudeB_1745047107_1806_1_tif%2Fjpegs%2F00000155.tif.medium.jpg/full/full/0/default.jpg">
    <pc:Creator>escriptorium</pc:Creator>
    <pc:Created>2024-01-26T14:55:56.235423Z</pc:Created>
    <pc:LastChange>2024-01-26T14:55:56.235434Z</pc:LastChange>
    <pc:MetadataItem type="processingStep" name="recognition/post-correction" value="ocrd-cor-asv-ann-join">
      <pc:Labels externalModel="ocrd-tool" externalId="parameters">
        <pc:Label value="False" type="add-filegrp-comments"/>
      </pc:Labels>
      <pc:Labels externalModel="ocrd-tool" externalId="version">
        <pc:Label value="0.1.14" type="ocrd-cor-asv-ann-join"/>
        <pc:Label value="2.60.2.dev0+gac1f15b3.d20240125" type="ocrd/core"/>
      </pc:Labels>
    </pc:MetadataItem>
  </pc:Metadata>
  <pc:Page imageFilename="154_73550_default.jpg" imageWidth="1000" imageHeight="1640">
    <pc:TextRegion id="eSc_textblock_1923d148" custom="structure {type:text;}">
      <pc:Coords points="766,112 821,123 821,166 771,181 759,200 781,1150 795,1260 795,1296 766,1348 777,1391 759,1405 676,1405 658,1373 622,1369 668,1359 671,1322 593,1329 570,1352 588,1369 563,1373 65,1380 51,1365 36,131 43,120 343,112"/>
      <pc:TextLine id="eSc_line_42c8c352" custom="structure {type:default;}">
        <pc:Coords points="626,112 612,112 599,112 585,112 571,112 558,112 544,112 530,112 517,112 503,112 489,112 476,112 462,112 448,112 435,112 421,112 407,112 393,112 380,112 361,117 314,112 311,112 298,112 291,112 259,118 235,113 229,114 216,114 213,114 202,118 138,116 134,117 120,117 106,117 93,117 79,118 65,118 51,118 38,125 39,150 39,162 54,176 56,176 57,176 58,176 60,176 61,176 77,166 161,166 162,166 164,166 181,159 264,159 285,168 287,168 288,168 355,159 369,166 370,166 372,166 373,166 374,166 384,158 407,174 409,174 410,174 411,176 512,176 512,174 629,173 630,173 632,173 632,172 648,157 719,161 720,161 722,161 752,151 752,148 751,112 633,112 626,112"/>
        <pc:Baseline points="41,151 731,143 753,149"/>
        <pc:TextEquiv index="0">
          <pc:Unicode>Schreiben des Br. v. Foreſtier, Philadelphia 1806.</pc:Unicode>
        </pc:TextEquiv>
      </pc:TextLine>
      <pc:TextLine id="eSc_line_5b268bd5">
        <pc:Coords points="811,121 800,118 757,125 756,148 755,172 813,168 815,153 813,121 811,121"/>
        <pc:Baseline points="757,150 766,153 816,154"/>
        <pc:TextEquiv index="0">
          <pc:Unicode>151.</pc:Unicode>
        </pc:TextEquiv>
      </pc:TextLine>
      <pc:TextLine id="eSc_line_87f0e3af" custom="structure {type:default;}">
        <pc:Coords points="43,233 43,246 93,243 103,246 118,252 119,252 176,254 177,254 219,253 220,253 243,244 244,244 246,244 294,251 295,251 296,251 297,251 307,243 314,237 340,242 351,244 352,244 353,244 354,244 354,243 356,242 360,237 405,236 412,241 421,248 422,248 422,248 423,249 448,249 448,248 449,248 450,248 461,240 467,235 477,240 478,240 479,240 480,240 484,240 511,235 520,239 535,246 536,246 536,246 537,246 538,246 546,239 547,237 549,239 559,246 560,246 561,246 562,246 583,246 583,246 584,246 585,246 597,238 607,232 645,236 646,236 718,229 740,235 742,219 740,195 718,191 717,191 658,196 656,196 644,191 643,191 642,191 641,191 622,197 606,185 605,185 604,185 582,185 581,185 547,186 546,186 546,186 531,199 530,199 525,199 422,189 422,189 421,189 420,189 404,201 404,202 363,202 341,191 340,191 311,191 310,191 286,192 285,192 284,192 266,204 263,205 227,205 226,205 210,198 209,198 208,198 174,201 154,194 154,194 153,194 152,194 127,206 126,206 122,206 99,205 88,195 87,195 86,195 85,195 72,196 72,196 71,196 57,207 55,208 42,208 43,233"/>
        <pc:Baseline points="43,233 423,223 742,219"/>
        <pc:TextEquiv index="0">
          <pc:Unicode>wäre. Es geht auf dem Cuſtom⸗Hauſe mit einer</pc:Unicode>
        </pc:TextEquiv>
      </pc:TextLine>
      <pc:TextLine id="eSc_line_e43002a9" custom="structure {type:default;}">
        <pc:Coords points="43,286 44,311 82,300 113,308 116,309 117,309 118,309 153,308 154,308 154,308 156,307 174,294 192,294 210,305 215,307 216,307 216,307 217,308 243,308 243,307 278,307 279,307 280,307 288,301 301,292 337,295 338,295 339,295 354,290 370,297 377,301 378,301 379,301 380,301 381,301 387,297 401,289 443,294 443,294 444,294 445,294 453,288 474,292 474,292 475,292 494,287 516,287 522,291 536,302 536,302 537,302 538,302 593,301 612,300 613,300 614,300 633,287 636,286 646,287 721,293 722,293 723,293 744,282 744,273 742,251 714,251 713,251 686,242 685,242 684,242 683,242 645,252 641,253 622,253 606,253 592,244 591,244 590,244 589,244 548,251 535,245 534,245 508,245 507,245 506,245 505,245 491,256 483,256 463,256 462,256 453,250 453,250 452,250 451,250 450,250 449,250 440,256 396,256 379,249 378,249 377,249 376,249 363,255 343,247 342,247 341,247 340,247 307,256 257,249 256,249 255,249 254,249 240,260 239,261 206,261 206,260 177,251 176,251 175,251 175,251 174,251 158,261 144,252 143,252 142,252 110,252 109,252 108,252 107,252 94,262 62,255 61,255 61,255 42,262 43,286"/>
        <pc:Baseline points="43,286 744,273"/>
        <pc:TextEquiv index="0">
          <pc:Unicode>Genauigkeit zu, von der man in Europa keinen</pc:Unicode>
        </pc:TextEquiv>
      </pc:TextLine>
      <pc:TextLine id="eSc_line_9284f1f0" custom="structure {type:default;}">
        <pc:Coords points="39,338 39,359 112,359 113,359 113,359 115,358 120,355 142,357 156,358 157,358 158,358 159,358 162,357 172,348 179,352 180,352 181,352 182,352 200,345 257,348 258,348 259,348 274,344 295,351 307,356 308,356 309,357 331,357 331,356 332,356 346,350 363,342 377,348 389,355 390,355 391,356 415,356 415,355 438,354 439,354 440,354 452,346 461,340 522,339 542,343 562,347 563,347 564,347 579,341 584,340 590,341 628,348 629,348 630,348 631,348 643,339 652,339 686,337 690,338 714,344 715,344 716,344 717,344 738,336 738,326 736,303 702,296 701,296 701,296 675,304 630,304 620,298 619,298 618,298 618,298 617,298 616,298 608,305 553,305 533,298 532,298 531,298 530,298 514,306 456,300 455,300 454,300 453,300 444,307 381,307 361,301 360,301 360,301 317,302 316,302 315,302 306,309 293,303 292,303 262,303 261,303 211,310 202,304 201,304 200,304 199,304 143,312 92,306 91,306 57,307 56,307 38,314 39,338"/>
        <pc:Baseline points="39,338 738,326"/>
        <pc:TextEquiv index="0">
          <pc:Unicode>Begriff hat. Es muß angegeben werden, was in</pc:Unicode>
        </pc:TextEquiv>
      </pc:TextLine>
      <pc:TextLine id="eSc_line_4531380a" custom="structure {type:default;}">
        <pc:Coords points="41,391 41,409 60,411 61,411 61,411 71,409 85,404 98,408 122,415 123,415 123,415 145,414 146,414 166,406 175,402 210,401 223,405 246,412 247,412 247,412 288,404 291,403 292,403 303,410 304,410 331,410 332,410 333,410 353,404 396,405 397,405 398,405 406,401 413,397 457,396 494,396 508,399 539,406 540,406 562,405 563,405 564,405 576,398 583,393 610,393 618,397 635,403 636,403 637,403 747,393 748,376 746,351 639,348 639,348 638,348 627,353 619,355 606,353 582,349 581,349 580,349 579,349 575,353 572,355 564,354 542,350 541,350 540,350 539,350 534,354 527,358 517,354 510,351 509,351 508,351 491,355 473,358 464,355 458,352 457,352 456,352 455,352 444,356 427,360 403,356 400,356 399,356 398,356 397,356 390,361 348,358 347,358 346,358 331,363 303,358 292,356 291,356 290,356 289,356 289,357 288,358 285,361 207,366 193,359 191,358 190,358 189,358 188,358 187,358 186,359 175,367 135,367 124,361 123,361 123,361 122,361 121,361 113,369 82,369 40,362 41,391"/>
        <pc:Baseline points="41,391 748,376"/>
        <pc:TextEquiv index="0">
          <pc:Unicode>einem jeden Koffer iſt, u die Wahrheit dieſer Aus⸗</pc:Unicode>
        </pc:TextEquiv>
      </pc:TextLine>
      <pc:TextLine id="eSc_line_3d7be6cb" custom="structure {type:default;}">
        <pc:Coords points="42,446 42,471 68,475 69,475 71,475 72,475 79,471 98,460 150,461 161,468 169,472 170,472 172,472 173,472 184,467 206,457 231,457 243,466 251,471 253,471 254,471 255,471 285,464 305,460 373,461 503,464 504,464 536,460 537,460 538,460 538,459 543,456 549,449 582,449 590,455 596,460 597,460 599,460 600,460 601,460 621,453 642,446 677,452 718,459 719,459 720,459 751,449 751,429 745,390 726,399 694,392 693,392 692,392 690,392 689,392 675,401 607,401 595,394 595,393 593,393 592,393 590,393 589,393 586,394 570,404 467,405 455,399 454,399 452,399 451,399 450,399 421,407 378,399 372,399 370,399 369,399 367,399 367,400 366,400 359,408 324,400 318,400 317,400 310,401 259,411 248,403 247,403 246,403 244,403 243,403 205,412 180,404 179,404 177,404 176,404 175,404 173,404 138,414 117,405 116,405 114,405 113,405 39,407 42,446"/>
        <pc:Baseline points="43,447 752,430"/>
        <pc:TextEquiv index="0">
          <pc:Unicode>ſage muß durch eine gewiſſenhafte Betheuerung,</pc:Unicode>
        </pc:TextEquiv>
      </pc:TextLine>
      <pc:TextLine id="eSc_line_68939d92" custom="structure {type:default;}">
        <pc:Coords points="42,500 42,528 82,528 82,527 83,527 86,526 114,512 151,523 158,526 160,526 161,526 162,526 164,526 168,523 186,512 201,522 205,524 206,524 207,524 209,524 227,520 269,511 295,517 303,520 305,520 306,520 332,516 357,513 363,516 380,522 381,522 383,522 384,522 403,513 415,509 422,513 432,520 433,520 435,520 436,522 476,522 476,520 477,520 500,511 514,504 562,504 566,508 575,516 575,517 577,517 578,517 580,519 614,519 614,517 615,517 616,517 627,509 649,516 651,516 652,516 653,516 685,504 689,508 689,509 690,509 692,509 693,509 766,500 766,486 761,453 682,461 674,456 671,453 671,452 670,452 668,452 667,452 666,452 664,452 659,456 651,460 630,457 607,453 606,453 604,453 603,453 603,455 599,457 593,464 571,464 564,459 556,453 555,453 554,453 552,453 551,453 549,453 541,460 533,466 414,466 409,464 398,459 396,459 395,459 393,459 369,466 359,467 351,466 316,459 314,459 313,459 290,467 285,468 283,468 253,460 251,460 250,460 248,460 247,460 247,461 238,470 218,460 217,460 216,460 214,460 213,460 198,470 183,461 181,461 116,461 114,461 53,466 51,466 50,466 41,471 42,500"/>
        <pc:Baseline points="43,501 767,487"/>
        <pc:TextEquiv index="0">
          <pc:Unicode>auch wol durch einen Handſchlag an Eides ſtatt, be⸗</pc:Unicode>
        </pc:TextEquiv>
      </pc:TextLine>
      <pc:TextLine id="eSc_line_110fa87c" custom="structure {type:default;}">
        <pc:Coords points="42,568 79,564 85,568 97,577 98,577 99,577 100,577 138,576 139,576 159,566 166,563 175,565 188,571 189,571 190,571 191,571 192,571 200,564 246,561 250,563 262,572 263,572 264,572 265,573 283,573 283,572 284,572 285,572 299,562 305,558 376,557 383,560 411,569 412,569 412,570 449,570 449,569 450,569 471,557 473,556 474,557 494,567 494,567 495,567 533,566 534,566 535,566 545,557 553,563 554,563 555,563 556,563 556,563 567,560 578,565 579,565 580,565 581,565 582,565 591,558 631,564 632,564 660,563 661,563 689,551 697,551 707,550 708,550 720,556 721,556 721,556 722,556 740,549 740,539 737,513 690,513 689,513 680,508 680,508 679,508 678,508 677,508 656,514 654,515 546,517 543,516 531,509 530,509 529,509 528,509 494,517 484,519 469,517 450,515 449,515 422,518 396,521 386,519 376,516 375,516 374,516 373,516 364,519 357,522 351,519 339,513 338,513 337,513 280,515 279,515 278,515 272,521 271,522 268,521 253,516 252,516 251,516 250,516 249,516 244,521 239,524 223,522 199,517 198,517 157,522 141,524 133,522 118,520 117,520 63,521 62,521 61,521 57,524 51,528 42,524 42,555 42,568"/>
        <pc:Baseline points="42,555 443,543 740,539"/>
        <pc:TextEquiv index="0">
          <pc:Unicode>kräftigt werden; u dan̅ begibt ſich ein Officiant</pc:Unicode>
        </pc:TextEquiv>
      </pc:TextLine>
      <pc:TextLine id="eSc_line_9fb2713e" custom="structure {type:default;}">
        <pc:Coords points="47,608 47,635 86,635 86,634 87,634 88,634 103,621 131,632 132,632 134,632 135,634 173,634 173,632 175,632 179,631 207,619 242,628 243,628 244,628 246,628 247,628 247,627 259,615 309,615 317,621 318,621 320,621 321,621 367,613 385,625 385,627 387,627 388,627 389,628 429,628 429,627 430,627 432,627 435,624 458,610 502,610 517,623 519,625 521,625 522,625 523,625 525,625 536,623 575,609 603,620 608,623 610,623 611,624 637,624 637,623 638,623 640,623 644,620 656,610 674,619 675,619 677,619 678,619 679,619 704,606 763,616 764,595 760,554 725,567 674,557 670,557 619,557 618,557 616,557 611,560 589,569 559,561 556,561 555,561 554,561 552,561 551,561 551,563 544,568 521,563 515,563 514,563 512,563 511,563 511,564 499,571 451,565 441,565 440,565 439,565 433,567 413,572 398,568 383,563 381,563 380,563 378,563 366,569 361,572 350,569 320,563 318,563 217,574 184,565 183,565 181,565 46,580 47,608"/>
        <pc:Baseline points="48,609 490,596 766,597"/>
        <pc:TextEquiv index="0">
          <pc:Unicode>auf’s Schiff, u hat das Recht, die Sachen auf’s genau⸗</pc:Unicode>
        </pc:TextEquiv>
      </pc:TextLine>
      <pc:TextLine id="eSc_line_d0f4eaa8" custom="structure {type:default;}">
        <pc:Coords points="48,662 48,686 64,686 65,686 66,686 90,670 115,670 140,670 159,682 161,684 162,684 163,684 164,684 246,682 247,682 247,682 255,677 259,675 282,676 283,676 284,676 285,676 300,666 350,664 362,672 371,678 371,678 372,678 373,678 402,677 402,677 403,677 414,669 426,662 465,666 474,667 474,667 475,667 476,667 477,666 486,659 528,659 536,663 554,673 555,673 556,674 576,674 576,673 577,673 600,660 602,659 603,660 622,670 623,670 624,670 625,670 647,659 661,668 662,668 663,668 719,669 720,669 721,669 754,652 754,643 752,620 734,615 733,615 732,615 717,621 713,622 711,621 696,615 695,615 694,615 642,623 630,625 621,624 583,617 582,617 581,617 549,625 543,627 539,626 522,619 521,619 520,619 519,619 488,627 481,629 468,628 441,625 440,625 422,629 414,631 412,630 398,624 397,624 350,624 350,624 349,624 348,624 338,632 336,634 279,635 270,634 214,627 213,627 212,627 182,636 179,637 177,636 163,629 162,629 161,629 160,629 132,638 130,638 128,638 94,631 93,631 92,631 76,640 74,641 47,641 48,662"/>
        <pc:Baseline points="48,662 754,643"/>
        <pc:TextEquiv index="0">
          <pc:Unicode>eſte durchzuſehen. Dabey wird der Zoll, welcher faſt</pc:Unicode>
        </pc:TextEquiv>
      </pc:TextLine>
      <pc:TextLine id="eSc_line_7be5e621" custom="structure {type:default;}">
        <pc:Coords points="48,715 48,722 115,722 116,722 134,734 134,734 135,734 136,735 171,735 171,734 202,733 203,733 232,720 237,718 245,720 257,724 258,724 259,724 260,724 274,720 283,717 287,720 302,730 303,730 304,730 305,731 337,731 337,730 338,730 369,719 381,715 409,718 421,720 422,720 422,720 423,720 426,718 433,714 473,713 485,717 491,720 492,720 493,720 494,720 499,717 505,715 520,717 530,719 531,719 556,717 635,709 646,717 656,723 657,723 658,723 659,723 709,722 710,722 711,722 717,717 742,721 743,721 744,721 762,715 762,700 760,664 653,675 619,668 613,667 612,667 611,667 610,667 609,668 600,676 576,672 575,672 545,677 501,673 477,670 476,670 475,670 474,670 469,674 460,679 452,676 451,676 450,676 421,680 366,677 298,674 297,674 102,686 100,686 82,679 81,679 80,679 79,679 78,679 67,688 47,688 48,715"/>
        <pc:Baseline points="48,715 474,703 762,700"/>
        <pc:TextEquiv index="0">
          <pc:Unicode>die einzigen Einkünfte des Staates ausmacht, jähr⸗</pc:Unicode>
        </pc:TextEquiv>
      </pc:TextLine>
      <pc:TextLine id="eSc_line_17f324e3" custom="structure {type:default;}">
        <pc:Coords points="52,769 52,781 97,781 114,794 115,794 116,794 117,795 144,795 144,794 211,780 222,779 237,779 239,780 256,791 257,791 257,791 258,792 284,792 284,791 285,791 286,791 299,780 300,779 329,776 344,780 374,789 375,789 376,789 415,779 422,779 424,779 435,787 436,787 437,787 438,787 439,787 440,787 446,782 453,788 454,788 455,788 456,788 499,787 500,787 515,779 532,772 549,772 562,779 565,781 566,781 567,781 567,781 568,781 575,779 597,772 649,774 650,774 651,774 652,774 658,769 679,770 690,779 696,783 697,783 698,783 699,783 748,779 748,756 746,731 721,727 721,727 720,727 719,727 714,731 713,732 678,732 676,731 641,724 640,724 639,724 615,731 606,735 503,736 494,732 485,728 484,728 484,728 483,728 474,732 465,736 461,732 456,728 455,728 454,728 453,728 453,728 443,732 434,736 426,732 415,728 414,728 377,728 376,728 375,728 374,728 368,733 360,738 318,733 306,732 305,732 304,732 301,733 281,741 254,741 240,733 237,732 237,732 236,732 200,734 118,738 51,735 52,769"/>
        <pc:Baseline points="52,769 748,756"/>
        <pc:TextEquiv index="0">
          <pc:Unicode>lich erhöht, u iſt für Bücher, Jnſtrumente u einige</pc:Unicode>
        </pc:TextEquiv>
      </pc:TextLine>
      <pc:TextLine id="eSc_line_54ec09de" custom="structure {type:default;}">
        <pc:Coords points="52,822 53,842 73,836 91,840 92,840 153,831 185,838 185,838 186,838 205,830 258,837 303,841 304,841 305,841 319,835 331,828 354,828 377,828 386,832 401,840 402,840 402,840 484,838 484,838 501,830 504,828 534,827 546,828 582,832 583,832 617,826 618,826 618,826 652,835 653,835 654,835 708,834 709,834 730,822 731,821 733,822 742,827 742,827 743,827 744,827 759,821 759,809 757,786 689,786 677,779 676,779 675,779 674,779 673,779 663,787 618,781 618,781 577,786 556,781 555,781 512,782 511,782 510,782 499,790 498,791 435,791 434,791 414,784 413,784 412,784 412,784 389,792 387,792 386,792 363,785 362,785 361,785 360,785 360,785 360,786 351,793 350,793 350,793 326,786 325,786 324,786 323,786 322,786 315,791 294,787 293,787 292,787 278,794 277,794 276,794 258,789 257,789 257,789 256,789 237,795 235,795 230,795 181,790 180,790 179,790 162,795 132,789 131,789 98,798 94,799 51,799 52,822"/>
        <pc:Baseline points="52,822 759,809"/>
        <pc:TextEquiv index="0">
          <pc:Unicode>andere Artikel ſehr beträchtlich. Br. Seidel hat für</pc:Unicode>
        </pc:TextEquiv>
      </pc:TextLine>
      <pc:TextLine id="eSc_line_3bdab3ff" custom="structure {type:default;}">
        <pc:Coords points="54,875 55,895 83,884 114,883 216,889 217,889 258,881 313,885 314,885 353,880 398,889 410,891 411,891 412,891 417,888 435,879 454,883 455,883 456,883 457,883 472,879 496,886 505,889 505,889 506,890 529,890 529,889 530,889 537,886 556,877 570,877 580,885 584,888 585,888 586,888 587,888 622,887 623,887 624,887 628,884 638,877 665,877 673,883 677,886 678,886 679,886 680,886 768,881 769,864 768,843 742,833 741,833 740,833 739,833 719,842 687,834 686,834 685,834 684,834 683,834 668,844 653,844 651,844 612,836 611,836 582,839 581,839 580,839 572,845 547,837 546,837 546,837 545,837 524,846 524,847 448,847 431,839 430,839 429,839 428,839 427,839 415,847 388,848 382,848 357,839 356,839 355,839 326,840 325,840 324,840 314,848 297,840 296,840 295,840 240,850 234,851 193,851 192,850 178,841 177,841 176,841 175,841 125,842 124,842 108,850 72,843 71,843 70,843 53,850 54,875"/>
        <pc:Baseline points="54,875 769,864"/>
        <pc:TextEquiv index="0">
          <pc:Unicode>ſein Klavier 25 Dollars /: oder Speciesthaler :/ zahlen</pc:Unicode>
        </pc:TextEquiv>
      </pc:TextLine>
      <pc:TextLine id="eSc_line_0dcdf0ee" custom="structure {type:default;}">
        <pc:Coords points="51,928 52,943 59,939 64,943 76,951 77,951 78,951 79,952 113,952 113,951 114,951 133,943 138,940 144,943 157,950 158,950 159,950 235,949 236,949 249,943 267,934 304,934 317,943 324,948 325,948 326,948 327,948 356,947 357,947 358,947 363,943 376,932 473,932 487,943 491,945 492,945 493,945 494,946 512,946 512,945 513,945 514,945 518,943 536,932 560,939 561,939 562,939 563,939 579,930 605,930 664,931 675,939 676,939 677,939 678,939 679,939 690,933 703,941 704,941 705,941 706,941 727,932 739,942 740,942 741,942 742,943 766,943 767,921 766,894 752,890 751,890 750,890 749,890 735,894 725,888 724,888 723,888 722,888 721,888 702,893 671,888 670,888 670,888 659,893 650,888 649,888 649,888 648,888 647,888 634,894 610,888 609,888 608,888 608,888 607,888 597,897 579,889 578,889 549,889 548,889 547,889 524,896 500,890 499,890 498,890 465,896 446,891 445,891 444,891 443,891 422,897 408,893 407,893 406,893 405,893 393,900 392,900 382,900 229,893 228,893 227,893 226,893 217,901 202,896 201,896 200,896 199,896 184,902 182,903 138,903 137,902 104,896 103,896 103,896 85,903 84,904 51,904 51,928"/>
        <pc:Baseline points="51,928 556,920 767,921"/>
        <pc:TextEquiv index="0">
          <pc:Unicode>müſſen, u für einige alte Bücher 4 Doll. Wir übri⸗</pc:Unicode>
        </pc:TextEquiv>
      </pc:TextLine>
      <pc:TextLine id="eSc_line_8011607d" custom="structure {type:default;}">
        <pc:Coords points="55,984 56,1006 85,999 95,1005 96,1005 97,1005 98,1005 103,1005 136,1004 218,990 249,990 272,1002 273,1002 274,1003 285,1003 302,1003 302,1002 303,1002 304,1002 327,988 390,995 391,995 391,995 417,987 525,990 526,990 527,990 543,984 571,984 579,991 580,991 581,991 582,991 614,986 631,995 633,996 634,996 635,996 684,995 685,995 686,995 687,994 694,988 729,986 762,993 762,973 762,953 688,953 651,942 650,942 649,942 649,942 618,953 597,943 597,943 542,943 541,943 502,943 501,943 475,957 474,958 435,958 435,957 412,945 411,945 379,945 378,945 349,946 348,946 347,946 329,957 312,949 311,949 310,949 309,949 309,949 293,960 292,961 271,961 269,961 233,948 232,948 231,948 230,948 229,948 208,962 206,963 195,963 194,962 175,950 174,950 173,950 172,950 150,953 149,953 148,953 133,963 132,963 54,963 55,984"/>
        <pc:Baseline points="55,984 506,973 762,973"/>
        <pc:TextEquiv index="0">
          <pc:Unicode>gen haben aber jedweder nur 1⁄3 Dollars gegeben.</pc:Unicode>
        </pc:TextEquiv>
      </pc:TextLine>
      <pc:TextLine id="eSc_line_9f9fc246" custom="structure {type:default;}">
        <pc:Coords points="59,1036 60,1062 86,1049 95,1054 96,1054 97,1054 98,1054 126,1045 159,1058 164,1060 165,1060 166,1060 185,1057 196,1055 214,1056 264,1058 265,1058 266,1058 267,1058 271,1054 283,1044 300,1043 356,1043 369,1050 381,1056 381,1056 382,1056 383,1056 408,1048 422,1045 435,1047 469,1055 470,1055 536,1054 537,1054 538,1054 551,1043 556,1039 566,1043 578,1046 579,1046 580,1046 581,1046 591,1042 599,1037 627,1040 645,1042 646,1042 647,1042 648,1042 651,1039 658,1035 761,1035 762,1025 759,1004 728,1004 727,1004 711,997 711,997 710,997 709,997 708,997 698,1004 696,1006 681,1006 680,1004 669,997 668,997 667,997 666,997 665,997 649,1005 645,1007 594,1007 585,1005 555,999 554,999 553,999 537,1006 532,1008 525,1006 491,996 490,996 489,996 406,998 405,998 390,1006 350,999 349,999 348,999 332,1008 324,1013 309,1013 301,1008 286,1000 285,1000 284,1000 283,1000 257,1009 255,1009 251,1009 211,1003 210,1003 209,1003 196,1009 189,1013 166,1010 143,1006 142,1006 141,1006 129,1010 111,1015 101,1010 88,1004 87,1004 86,1004 58,1010 59,1036"/>
        <pc:Baseline points="59,1036 762,1025"/>
        <pc:TextEquiv index="0">
          <pc:Unicode>Zur Nachricht für die Zukunft ſollte man den</pc:Unicode>
        </pc:TextEquiv>
      </pc:TextLine>
      <pc:TextLine id="eSc_line_e38c42e9" custom="structure {type:default;}">
        <pc:Coords points="62,1089 62,1117 149,1117 150,1117 151,1117 152,1116 167,1104 192,1108 193,1108 194,1108 213,1100 235,1102 247,1113 251,1116 252,1116 253,1116 254,1117 274,1117 274,1116 312,1115 313,1115 314,1115 319,1111 334,1098 346,1098 373,1101 383,1109 385,1110 386,1110 387,1110 388,1110 389,1110 392,1108 407,1100 420,1107 427,1113 428,1113 429,1113 430,1114 449,1114 449,1113 450,1113 451,1113 458,1107 461,1105 472,1107 476,1107 477,1107 478,1107 479,1107 501,1096 619,1096 630,1102 642,1110 643,1110 644,1110 645,1110 646,1110 668,1101 672,1099 675,1100 699,1110 700,1110 701,1110 772,1097 773,1080 771,1051 755,1050 754,1050 753,1050 752,1050 752,1051 740,1061 718,1061 703,1051 701,1050 701,1050 700,1050 631,1050 630,1050 629,1050 624,1052 603,1062 552,1053 543,1052 542,1052 541,1052 540,1052 538,1053 522,1063 501,1055 500,1055 455,1055 441,1055 440,1055 439,1055 416,1065 382,1065 342,1056 341,1056 340,1056 321,1064 307,1055 304,1055 303,1055 302,1055 301,1055 298,1056 274,1067 216,1067 204,1061 203,1061 202,1061 201,1061 182,1067 154,1063 154,1063 153,1063 135,1067 106,1058 103,1057 103,1057 102,1057 61,1058 62,1089"/>
        <pc:Baseline points="62,1089 773,1080"/>
        <pc:TextEquiv index="0">
          <pc:Unicode>Geſchwiſtern empfehlen, daß ſie keine Aufträge für</pc:Unicode>
        </pc:TextEquiv>
      </pc:TextLine>
      <pc:TextLine id="eSc_line_f7aac609" custom="structure {type:default;}">
        <pc:Coords points="62,1144 63,1162 82,1155 87,1158 88,1158 89,1158 90,1158 120,1154 151,1161 154,1161 154,1161 155,1161 157,1161 182,1154 231,1158 232,1158 233,1158 234,1158 239,1154 247,1159 247,1159 248,1159 249,1160 278,1160 278,1159 278,1159 279,1159 296,1151 330,1158 333,1158 334,1158 335,1158 337,1158 360,1152 371,1157 371,1157 372,1157 373,1157 374,1157 382,1150 415,1157 416,1157 417,1157 418,1157 435,1148 471,1148 495,1156 496,1156 497,1156 498,1156 499,1156 500,1156 513,1148 551,1148 583,1155 587,1155 587,1155 594,1154 646,1146 657,1153 658,1153 659,1153 659,1153 660,1153 689,1148 698,1153 699,1153 700,1153 701,1153 763,1151 763,1135 762,1104 724,1110 714,1105 713,1105 712,1105 711,1105 675,1106 674,1106 672,1107 644,1116 610,1111 609,1111 608,1111 608,1111 600,1117 487,1117 477,1112 472,1108 471,1108 470,1108 469,1108 411,1115 403,1115 402,1115 386,1110 385,1110 384,1110 383,1110 366,1116 352,1120 344,1117 335,1112 334,1112 333,1112 332,1112 322,1117 316,1120 304,1117 279,1112 278,1112 278,1112 277,1112 266,1119 261,1121 251,1119 218,1113 217,1113 216,1113 185,1121 178,1123 173,1122 160,1118 159,1118 158,1118 157,1118 144,1123 144,1123 143,1123 122,1114 121,1114 120,1114 119,1114 100,1123 61,1125 62,1144"/>
        <pc:Baseline points="62,1144 532,1135 763,1135"/>
        <pc:TextEquiv index="0">
          <pc:Unicode>andere, als mit der Bedingung annehmen, daß ſie</pc:Unicode>
        </pc:TextEquiv>
      </pc:TextLine>
      <pc:TextLine id="eSc_line_0cefd804" custom="structure {type:default;}">
        <pc:Coords points="61,1194 63,1215 72,1209 82,1214 84,1215 85,1215 86,1215 87,1215 90,1214 113,1207 126,1213 138,1219 139,1219 140,1219 141,1219 155,1213 168,1207 180,1212 194,1219 195,1219 195,1219 268,1218 269,1218 270,1218 281,1210 292,1218 293,1218 294,1218 295,1218 350,1217 350,1217 351,1217 364,1208 371,1203 392,1203 399,1208 410,1216 411,1216 412,1216 412,1217 442,1217 442,1216 443,1216 475,1206 476,1205 537,1201 567,1201 574,1203 602,1214 603,1214 604,1214 605,1214 606,1214 620,1202 623,1200 627,1202 649,1213 650,1213 651,1213 652,1213 653,1213 670,1201 671,1199 706,1199 709,1200 731,1209 731,1209 732,1209 733,1209 734,1209 746,1199 747,1199 773,1199 774,1186 772,1160 736,1164 731,1161 730,1159 729,1159 728,1159 727,1159 718,1161 686,1168 677,1162 673,1159 672,1159 671,1159 614,1159 613,1159 612,1159 604,1164 599,1166 594,1164 583,1160 582,1160 581,1160 561,1165 533,1172 484,1172 476,1167 472,1163 471,1163 470,1163 469,1163 468,1163 455,1168 444,1170 421,1168 399,1166 398,1166 397,1166 396,1166 392,1168 387,1172 376,1169 365,1166 364,1166 363,1166 362,1166 348,1169 341,1171 339,1169 331,1165 330,1165 329,1165 329,1165 328,1165 313,1170 305,1173 298,1170 284,1166 283,1166 282,1166 281,1166 280,1166 273,1171 268,1175 216,1176 189,1176 185,1173 172,1165 171,1165 170,1165 169,1165 168,1165 146,1174 139,1168 138,1168 137,1168 92,1166 92,1166 91,1166 90,1166 79,1175 61,1176 61,1194"/>
        <pc:Baseline points="61,1194 774,1186"/>
        <pc:TextEquiv index="0">
          <pc:Unicode>alles hier gewiſſenhaft angeben u die Gebühren dafür</pc:Unicode>
        </pc:TextEquiv>
      </pc:TextLine>
      <pc:TextLine id="eSc_line_8305125d" custom="structure {type:default;}">
        <pc:Coords points="62,1247 62,1271 180,1259 196,1268 198,1269 199,1269 200,1269 230,1268 231,1268 234,1267 259,1256 280,1261 281,1261 282,1261 283,1261 304,1254 344,1254 354,1260 355,1260 356,1260 357,1260 358,1260 359,1260 365,1254 380,1259 381,1259 381,1259 426,1253 446,1261 453,1264 453,1264 454,1265 501,1265 501,1264 502,1264 503,1264 508,1260 520,1251 536,1260 544,1263 545,1263 546,1263 587,1262 587,1262 597,1258 612,1250 649,1257 672,1260 673,1260 726,1254 727,1254 728,1254 736,1248 765,1253 766,1238 762,1214 760,1217 755,1215 736,1206 735,1206 734,1206 699,1207 698,1207 697,1207 685,1216 682,1218 654,1217 649,1217 637,1208 636,1208 635,1208 634,1208 633,1208 613,1214 557,1209 556,1209 556,1209 555,1209 544,1218 512,1209 511,1209 510,1209 509,1209 483,1219 471,1210 470,1210 469,1210 447,1210 446,1210 422,1213 421,1213 420,1213 409,1222 408,1223 368,1223 354,1223 342,1215 341,1215 340,1215 340,1215 339,1215 305,1224 303,1225 259,1225 258,1225 245,1216 244,1216 243,1216 242,1216 241,1216 240,1216 225,1226 216,1222 216,1222 215,1222 174,1227 171,1227 169,1227 117,1216 116,1216 61,1229 62,1247"/>
        <pc:Baseline points="62,1247 592,1237 766,1238"/>
        <pc:TextEquiv index="0">
          <pc:Unicode>zahlen werden. Leinwand bezahlt auch einen ſtarken</pc:Unicode>
        </pc:TextEquiv>
      </pc:TextLine>
      <pc:TextLine id="eSc_line_5758de10" custom="structure {type:default;}">
        <pc:Coords points="61,1301 62,1331 74,1331 74,1330 75,1330 76,1330 93,1316 114,1324 115,1324 116,1324 117,1324 118,1324 134,1314 172,1316 190,1325 191,1325 192,1325 193,1325 194,1325 211,1313 222,1313 260,1322 279,1327 280,1327 281,1327 296,1322 309,1316 319,1321 332,1326 333,1326 334,1326 335,1326 354,1319 360,1317 364,1319 377,1325 378,1325 379,1325 380,1325 398,1321 450,1324 451,1324 452,1324 469,1315 476,1311 505,1311 511,1313 525,1322 525,1322 526,1322 561,1322 562,1322 563,1322 585,1311 592,1306 618,1306 643,1306 648,1308 672,1321 673,1321 674,1321 675,1321 712,1308 733,1311 734,1311 735,1311 736,1311 744,1304 745,1303 785,1302 785,1289 783,1265 645,1261 644,1261 619,1266 605,1269 600,1266 597,1263 597,1263 596,1263 565,1262 564,1262 535,1263 534,1263 533,1263 528,1267 522,1271 485,1267 457,1264 456,1264 455,1264 449,1267 440,1271 432,1267 430,1265 429,1265 428,1265 406,1265 405,1265 404,1265 403,1265 400,1268 391,1273 327,1268 309,1267 308,1267 299,1269 265,1275 220,1271 219,1271 218,1271 201,1276 173,1271 172,1271 171,1271 170,1271 162,1277 61,1271 61,1301"/>
        <pc:Baseline points="61,1301 785,1289"/>
        <pc:TextEquiv index="0">
          <pc:Unicode>Zoll, wen̅ ſie noch nicht zugeſchnitten iſt. Uebrigens wird</pc:Unicode>
        </pc:TextEquiv>
      </pc:TextLine>
      <pc:TextLine id="eSc_line_491597fd" custom="structure {type:default;}">
        <pc:Coords points="64,1353 64,1366 101,1366 119,1373 120,1373 121,1373 122,1373 123,1373 132,1366 179,1368 213,1383 214,1383 215,1383 216,1383 248,1373 269,1383 270,1383 271,1383 272,1383 285,1376 300,1383 301,1383 302,1383 303,1383 319,1376 327,1382 328,1382 329,1382 329,1382 406,1381 407,1381 439,1363 442,1363 491,1362 492,1363 497,1367 497,1368 498,1368 499,1368 500,1368 501,1368 502,1368 511,1363 512,1363 543,1363 543,1348 542,1330 527,1322 526,1322 478,1322 477,1322 476,1322 475,1322 462,1330 460,1331 432,1330 425,1330 419,1323 418,1323 417,1323 416,1323 390,1330 381,1332 350,1332 344,1330 328,1323 327,1323 326,1323 287,1324 286,1324 285,1324 278,1330 274,1332 268,1330 257,1324 256,1324 255,1324 181,1327 180,1327 179,1327 176,1330 170,1333 154,1330 143,1327 142,1327 141,1327 140,1327 137,1330 131,1334 63,1330 64,1353"/>
        <pc:Baseline points="64,1353 543,1348"/>
        <pc:TextEquiv index="0">
          <pc:Unicode>man aber ſehr höflich behandelt.</pc:Unicode>
        </pc:TextEquiv>
      </pc:TextLine>
      <pc:TextLine id="eSc_line_861c4377" custom="structure {type:default;}">
        <pc:Coords points="673,1390 675,1429 685,1422 704,1427 705,1427 706,1427 707,1427 708,1427 708,1426 715,1421 726,1421 734,1428 734,1429 735,1429 736,1429 737,1430 762,1430 762,1390 762,1363 703,1353 702,1353 701,1353 673,1362 673,1390"/>
        <pc:Baseline points="673,1390 762,1390"/>
        <pc:TextEquiv index="0">
          <pc:Unicode>Welche</pc:Unicode>
        </pc:TextEquiv>
      </pc:TextLine>
    </pc:TextRegion>
  </pc:Page>
</pc:PcGts>
