1000 1643
167 109 224 166 96.
242 109 881 167 Beſuch in Mähren, April 1806.
222 193 943 256 Haus⸗Gottesdienſt, zu dem ſich noch einige Dienſt⸗
214 251 935 303 boten einfinden. Wir unterhielten uns recht
216 305 944 362 erbaulich mit ihm bis in die ſpäte Nacht, u gin⸗
217 359 943 417 gen dan̅ am frühen Morgen, da ihn ſeine Be⸗
214 413 947 470 rufsgeſchäfte als Zim̅ermeiſter bereits von uns
215 468 937 522 abgerufen hatten, eine Stunde ſeitwärts nach
215 520 942 579 Herzogswalde. Hier grüßten wir unſern Bruder
214 575 941 629 Andr. Thomas, u erkundigten uns nach den
218 629 941 686 Umſtänden der übrigen Erweckten. So gern wir
218 688 946 742 ſie alle perſönlich ken̅en gelernt hätten, ſo wollte
215 738 939 795 ſich doch hiezu, da ſie ſäm̅tlich auf dem Felde
215 794 944 844 in der Arbeit waren, weder Zeit noch Gelegen⸗
216 846 943 903 heit finden. Mit herzlichem Vergnügen vernah⸗
215 899 925 951 men wir indeſſen, wie dieſe lieben Seelen in
218 952 939 1011 einem recht erfreulichen Gange ſind, u ſich fort⸗
211 1008 939 1062 dauernd unter einander zu erbauen ſuchen.
210 1062 936 1121 Dieſes kan̅ jetzt auch mit mehr Ruhe u Sicherheit
216 1122 932 1179 als ehedem geſchehen; doch ſuchen ſie dabey noch
214 1173 927 1227 im̅er alles Aufſehen zu vermeiden. Hier
211 1229 933 1279 war es, wo vor einigen Jahren mehrere er⸗
213 1276 928 1333 weckte Frauensperſonen, die einen Beſuch in
213 1331 927 1393 Gnadenfeld gemacht hatten, bey ihrer Rückkehr
847 1377 893 1415 zur
