<?xml version="1.0" encoding="utf-8"?>
<pc:PcGts xmlns:pc="http://schema.primaresearch.org/PAGE/gts/pagecontent/2019-07-15" xmlns:xsi="http://www.w3.org/2001/XMLSchema-instance" xsi:schemaLocation="http://schema.primaresearch.org/PAGE/gts/pagecontent/2019-07-15 http://schema.primaresearch.org/PAGE/gts/pagecontent/2019-07-15/pagecontent.xsd" pcGtsId="GT-OCR-GN_1806_1__GN.A.351__110_d6581">
  <pc:Metadata externalRef="https://images.iiif.slub-dresden.de/iiif/2/data%2Fkitodo%2FNachaudeB_1745047107_1806_1%2FNachaudeB_1745047107_1806_1_tif%2Fjpegs%2F00000111.tif.medium.jpg/full/full/0/default.jpg">
    <pc:Creator>escriptorium</pc:Creator>
    <pc:Created>2024-01-26T14:55:55.225784Z</pc:Created>
    <pc:LastChange>2024-01-26T14:55:55.225796Z</pc:LastChange>
    <pc:MetadataItem type="processingStep" name="recognition/post-correction" value="ocrd-cor-asv-ann-join">
      <pc:Labels externalModel="ocrd-tool" externalId="parameters">
        <pc:Label value="False" type="add-filegrp-comments"/>
      </pc:Labels>
      <pc:Labels externalModel="ocrd-tool" externalId="version">
        <pc:Label value="0.1.14" type="ocrd-cor-asv-ann-join"/>
        <pc:Label value="2.60.2.dev0+gac1f15b3.d20240125" type="ocrd/core"/>
      </pc:Labels>
    </pc:MetadataItem>
  </pc:Metadata>
  <pc:Page imageFilename="110_d6581_default.jpg" imageWidth="1000" imageHeight="1642">
    <pc:TextRegion id="eSc_textblock_fbf3c7a6" custom="structure {type:text;}">
      <pc:Coords points="787,135 823,145 823,192 766,207 754,237 761,334 750,378 769,445 772,580 780,1414 715,1422 528,1400 65,1400 51,357 47,255 25,247 25,229 58,218 58,153 83,135"/>
      <pc:TextLine id="eSc_line_75c8d54e" custom="structure {type:default;}">
        <pc:Coords points="759,135 750,135 740,135 731,135 722,135 713,135 704,135 695,135 686,135 677,135 667,135 658,135 649,135 642,135 622,137 609,135 604,135 600,135 595,139 589,145 483,145 472,140 467,137 466,137 465,137 464,137 458,140 445,145 428,140 413,135 412,135 411,135 410,135 409,135 402,141 393,147 374,147 351,141 335,136 334,136 333,136 303,137 302,137 292,141 271,149 254,141 247,138 246,138 245,138 244,138 235,142 222,145 210,142 206,140 205,140 204,140 203,140 202,140 200,142 191,149 168,145 167,145 166,145 166,145 158,152 126,152 113,142 112,141 111,141 110,141 109,141 70,142 65,146 66,172 67,207 295,203 296,203 297,203 309,195 319,187 352,178 397,188 398,188 399,188 424,176 437,183 438,183 439,183 470,178 486,182 487,182 488,182 489,182 508,175 575,180 597,182 598,182 599,182 612,178 634,172 764,170 764,160 763,137 760,135 759,135"/>
        <pc:Baseline points="66,172 764,160"/>
        <pc:TextEquiv index="0">
          <pc:Unicode>Berichte Engliſcher Gemeinen, 1804 u 1805.</pc:Unicode>
        </pc:TextEquiv>
        <pc:TextEquiv conf="0.9972" index="1">
          <pc:Unicode>Berichte Engliſcher Gemeinen, 1804 u 1805.</pc:Unicode>
        </pc:TextEquiv>
      </pc:TextLine>
      <pc:TextLine id="eSc_line_038fe4f8" custom="structure {type:default;}">
        <pc:Coords points="764,160 755,161 758,183 760,205 788,197 797,203 798,203 799,203 800,203 819,201 817,177 812,144 778,145 777,145 767,150 764,160"/>
        <pc:Baseline points="758,183 817,177"/>
        <pc:TextEquiv index="0">
          <pc:Unicode>107.</pc:Unicode>
        </pc:TextEquiv>
        <pc:TextEquiv conf="0.9996" index="1">
          <pc:Unicode>107.</pc:Unicode>
        </pc:TextEquiv>
      </pc:TextLine>
      <pc:TextLine id="eSc_line_3d8d1817" custom="structure {type:default;}">
        <pc:Coords points="57,258 59,278 71,269 147,269 156,274 161,279 162,279 163,279 164,280 200,280 200,279 201,279 202,279 211,273 223,266 250,271 260,273 260,273 276,270 316,264 329,270 344,276 345,276 346,276 406,275 407,275 408,275 419,267 425,262 432,266 447,273 447,273 471,274 472,274 473,274 496,264 502,260 524,260 532,263 558,272 559,272 560,272 561,272 584,261 589,259 612,259 614,260 636,270 637,270 638,270 680,270 680,270 681,270 682,270 694,261 704,270 705,270 706,270 707,270 708,270 733,257 733,246 731,215 707,215 706,215 705,215 704,215 693,223 671,216 670,216 669,216 668,216 667,216 651,226 627,226 598,226 579,217 578,217 577,217 576,217 575,217 572,218 547,224 537,218 536,218 535,218 534,218 511,218 458,221 420,229 413,223 412,223 411,223 410,223 356,224 355,224 354,224 347,230 317,224 316,224 315,224 293,231 266,226 265,226 264,226 263,226 263,227 257,233 201,234 135,234 114,225 114,225 113,225 112,225 111,225 109,226 93,229 56,227 57,258"/>
        <pc:Baseline points="57,258 733,246"/>
        <pc:TextEquiv index="0">
          <pc:Unicode>Heiland ſchon in der Jugend zu ergeben, um ſo</pc:Unicode>
        </pc:TextEquiv>
        <pc:TextEquiv conf="0.9899" index="1">
          <pc:Unicode>Heiland ſchon in der Jugend zu ergeben, um ſo</pc:Unicode>
        </pc:TextEquiv>
      </pc:TextLine>
      <pc:TextLine id="eSc_line_dff4e90e" custom="structure {type:default;}">
        <pc:Coords points="53,312 53,322 62,326 63,326 64,326 112,325 113,325 127,320 148,325 149,325 150,325 187,319 200,328 201,328 202,328 203,328 279,327 280,327 281,327 289,320 298,322 299,322 300,322 301,322 316,317 333,326 334,326 335,326 360,325 361,325 362,325 374,316 427,315 447,321 447,321 448,321 449,321 460,316 470,321 471,321 472,321 504,313 505,313 506,313 524,322 525,322 526,322 567,312 568,312 569,312 583,317 583,317 584,317 585,317 597,312 615,320 616,320 617,320 671,311 711,320 712,320 713,320 731,310 731,301 729,280 710,280 707,280 691,272 690,272 689,272 688,272 687,272 677,280 677,280 640,281 635,280 622,272 621,272 620,272 572,273 572,273 557,280 554,280 548,280 534,278 533,278 523,280 503,284 497,280 490,275 489,275 489,275 467,275 466,275 465,275 456,280 446,285 413,280 391,277 390,277 389,277 376,280 354,287 281,287 270,280 269,279 268,279 267,279 221,279 220,279 219,279 218,279 217,280 205,289 148,280 144,280 143,280 142,280 141,280 129,290 107,290 52,281 53,312"/>
        <pc:Baseline points="53,312 731,301"/>
        <pc:TextEquiv index="0">
          <pc:Unicode>vor allen Gefahren, denen ſie von Seiten der</pc:Unicode>
        </pc:TextEquiv>
        <pc:TextEquiv conf="0.982" index="1">
          <pc:Unicode>vor allen Gefahren, denen ſie von Seiten der</pc:Unicode>
        </pc:TextEquiv>
      </pc:TextLine>
      <pc:TextLine id="eSc_line_7dc77cd5" custom="structure {type:default;}">
        <pc:Coords points="57,364 57,376 90,382 91,382 132,376 139,375 140,376 146,381 147,381 148,381 149,381 150,381 151,381 157,376 158,375 166,375 209,379 210,379 211,379 225,375 229,374 231,375 251,384 252,384 253,384 254,384 255,384 266,375 269,373 340,373 344,374 376,388 377,388 378,389 397,389 397,388 420,387 421,387 422,387 429,382 437,387 437,387 438,387 439,388 464,388 464,387 465,387 489,375 510,380 511,380 512,380 541,373 548,371 551,373 572,385 572,385 573,385 574,385 636,384 637,384 657,378 711,384 712,384 713,384 739,371 739,355 739,329 730,324 729,324 729,324 728,324 727,324 726,324 719,330 717,332 700,330 672,327 671,327 670,327 663,330 657,332 653,330 643,323 642,323 641,323 621,323 620,323 619,323 618,323 607,330 601,334 534,334 523,331 510,325 510,325 509,325 508,325 493,331 481,335 410,335 400,331 393,327 392,327 339,327 338,327 337,327 328,331 325,332 318,331 305,329 304,329 303,329 300,331 287,337 271,331 264,328 263,328 262,328 242,331 191,339 168,331 165,330 164,330 139,330 138,330 137,330 136,330 135,331 123,340 56,332 57,364"/>
        <pc:Baseline points="57,364 739,355"/>
        <pc:TextEquiv index="0">
          <pc:Unicode>Welt u der Sünde ausgeſetzt wären, geſichert zu</pc:Unicode>
        </pc:TextEquiv>
        <pc:TextEquiv conf="0.9657" index="1">
          <pc:Unicode>Welt u der Sünde ausgeſetzt wären, geſichert zu</pc:Unicode>
        </pc:TextEquiv>
      </pc:TextLine>
      <pc:TextLine id="eSc_line_014ad0c4" custom="structure {type:default;}">
        <pc:Coords points="59,420 59,440 104,448 105,448 106,448 107,448 129,434 130,433 145,432 145,417 143,393 86,386 85,386 84,386 58,394 59,420"/>
        <pc:Baseline points="59,420 145,417"/>
        <pc:TextEquiv index="0">
          <pc:Unicode>ſeyn.</pc:Unicode>
        </pc:TextEquiv>
        <pc:TextEquiv conf="0.9984" index="1">
          <pc:Unicode>ſeyn.</pc:Unicode>
        </pc:TextEquiv>
      </pc:TextLine>
      <pc:TextLine id="eSc_line_bb974113" custom="structure {type:default;}">
        <pc:Coords points="106,471 106,484 194,491 195,491 196,491 224,483 236,489 237,489 238,490 279,490 279,489 280,489 281,489 290,481 294,478 300,481 303,484 304,484 305,484 306,484 307,484 308,484 312,481 318,478 323,481 331,486 332,486 333,486 333,486 334,486 352,480 375,474 422,479 425,479 426,479 427,479 427,479 450,472 494,472 503,477 504,477 505,477 506,477 525,471 555,478 558,478 559,478 560,478 561,478 573,472 587,477 588,477 589,477 590,477 591,477 591,476 598,469 635,469 655,476 669,481 670,481 671,481 758,474 758,458 754,424 744,427 735,424 731,423 730,423 729,423 729,423 728,423 728,424 727,425 722,429 681,435 655,435 646,428 645,428 645,428 644,428 621,432 614,427 611,425 610,425 609,425 608,425 607,425 606,425 603,428 591,436 545,429 520,426 520,426 499,431 492,432 488,431 469,427 468,427 468,427 467,427 460,432 456,435 450,432 444,429 443,429 442,429 399,431 398,431 397,431 395,434 388,439 376,435 368,431 367,431 366,431 365,431 364,431 360,435 352,441 311,441 301,436 293,433 292,433 291,433 291,433 281,437 269,442 248,438 247,438 246,438 245,438 219,443 212,439 200,433 199,433 198,433 112,436 111,436 110,436 105,439 106,471"/>
        <pc:Baseline points="106,471 468,461 758,458"/>
        <pc:TextEquiv index="0">
          <pc:Unicode>Am Chorfeſte der led. Brüder wurden zwiſchen</pc:Unicode>
        </pc:TextEquiv>
        <pc:TextEquiv conf="0.9643" index="1">
          <pc:Unicode>Am Chorfeſte der led. Brüder wurden zwiſchen</pc:Unicode>
        </pc:TextEquiv>
      </pc:TextLine>
      <pc:TextLine id="eSc_line_84e0e49e" custom="structure {type:default;}">
        <pc:Coords points="57,527 57,536 65,541 66,541 67,541 68,541 69,541 94,534 100,533 102,534 110,540 111,540 112,540 113,540 114,540 130,534 135,532 141,534 160,540 161,540 162,540 163,540 164,540 171,533 175,530 228,530 232,532 243,538 244,538 245,538 246,538 247,538 253,532 256,530 341,529 358,530 369,532 382,542 383,542 384,542 385,543 411,543 411,542 412,542 451,531 465,541 466,541 467,541 468,542 490,542 490,541 521,540 522,540 541,531 570,540 571,540 572,540 572,540 573,540 588,528 591,525 604,524 622,524 625,527 639,539 640,539 641,539 642,539 680,533 707,538 708,538 708,538 730,526 731,526 748,526 748,514 747,491 732,483 731,483 706,483 705,483 704,483 686,492 661,485 660,485 659,485 658,485 630,493 629,493 627,493 586,488 585,488 584,488 583,488 576,494 575,495 543,495 541,495 531,488 530,488 529,488 528,488 527,488 526,488 517,495 493,487 492,487 491,487 490,487 489,487 478,496 477,496 476,496 423,488 422,488 421,488 410,495 403,488 402,488 401,488 380,488 379,488 378,488 360,498 327,489 326,489 325,489 324,489 323,489 309,498 308,499 287,499 217,491 216,491 215,491 186,500 164,492 163,492 162,492 161,492 144,501 142,501 77,494 76,494 75,494 56,501 57,527"/>
        <pc:Baseline points="57,527 347,518 748,514"/>
        <pc:TextEquiv index="0">
          <pc:Unicode>50 u 60 Brüder in Claſſen geſprochen. Bey dieſer</pc:Unicode>
        </pc:TextEquiv>
        <pc:TextEquiv conf="0.9928" index="1">
          <pc:Unicode>50 u 60 Brüder in Claſſen geſprochen. Bey dieſer</pc:Unicode>
        </pc:TextEquiv>
      </pc:TextLine>
      <pc:TextLine id="eSc_line_6a0a5ae8" custom="structure {type:default;}">
        <pc:Coords points="59,579 60,600 87,592 99,599 100,600 101,600 102,600 103,600 172,598 173,598 177,596 197,586 243,586 260,594 266,596 267,596 268,596 269,596 276,593 305,583 356,587 357,587 395,581 408,588 409,588 410,588 411,588 412,588 418,581 434,581 442,586 443,586 444,586 445,586 446,586 457,581 466,588 472,592 473,592 474,592 475,592 518,591 519,591 520,591 525,586 534,579 628,579 635,582 641,587 642,587 643,587 644,587 645,587 656,582 660,580 665,581 676,588 677,588 677,588 752,579 753,565 752,544 734,536 733,536 706,536 705,536 667,537 666,537 647,545 646,545 645,545 622,540 621,540 620,540 619,540 619,540 614,545 611,547 597,545 553,540 552,540 525,546 510,549 493,546 469,542 468,542 448,546 427,550 404,547 384,543 383,543 382,543 375,547 364,551 349,547 336,543 335,543 334,543 333,543 326,547 320,550 313,547 307,544 306,544 305,544 304,544 303,544 300,548 297,550 281,548 262,545 261,545 260,545 253,548 235,554 202,549 201,549 200,549 199,549 199,550 192,555 175,551 174,551 148,556 57,550 59,579"/>
        <pc:Baseline points="59,579 753,565"/>
        <pc:TextEquiv index="0">
          <pc:Unicode>Gelegenheit wird in dem Bericht als etwas beſon⸗</pc:Unicode>
        </pc:TextEquiv>
        <pc:TextEquiv conf="0.9845" index="1">
          <pc:Unicode>Gelegenheit wird in dem Bericht als etwas beſon⸗</pc:Unicode>
        </pc:TextEquiv>
      </pc:TextLine>
      <pc:TextLine id="eSc_line_bfa91f41" custom="structure {type:default;}">
        <pc:Coords points="60,632 60,641 75,647 76,647 77,647 112,643 142,646 143,646 198,641 220,639 225,641 243,650 244,650 245,651 280,651 280,650 281,650 281,650 293,641 298,637 338,636 392,636 408,641 419,644 420,644 421,644 422,644 423,644 427,641 435,636 442,641 453,646 454,646 455,646 532,644 533,644 534,644 539,641 546,635 573,637 574,637 575,637 594,632 613,632 625,640 628,643 629,643 630,643 631,643 727,641 728,641 729,640 739,634 753,640 755,618 753,592 620,590 619,590 618,590 598,595 581,601 568,596 553,592 552,592 552,592 522,598 500,603 479,603 472,599 457,592 456,592 455,592 454,592 437,601 427,605 391,605 385,602 375,594 374,594 373,594 357,594 356,594 355,594 354,594 342,603 338,605 335,603 323,595 322,595 322,595 321,595 271,602 244,596 243,596 198,599 197,599 197,599 197,600 187,607 186,610 59,611 60,632"/>
        <pc:Baseline points="60,632 755,618"/>
        <pc:TextEquiv index="0">
          <pc:Unicode>ders erfreuliches bemerkt, daß ein beträchtlicher</pc:Unicode>
        </pc:TextEquiv>
        <pc:TextEquiv conf="0.9606" index="1">
          <pc:Unicode>ders erfreuliches bemerkt, daß ein beträchtlicher</pc:Unicode>
        </pc:TextEquiv>
      </pc:TextLine>
      <pc:TextLine id="eSc_line_e5cd4bb1" custom="structure {type:default;}">
        <pc:Coords points="62,688 62,704 82,711 83,711 83,711 84,711 85,711 97,704 101,702 105,704 111,706 112,706 113,706 114,706 120,704 130,699 138,704 150,710 151,710 152,711 199,711 199,710 200,710 201,710 210,704 224,696 260,704 262,704 263,704 264,704 265,704 281,699 346,700 347,700 348,700 362,695 378,704 385,707 386,707 387,708 438,708 438,707 439,707 440,707 444,704 458,693 512,693 523,701 524,701 525,701 526,701 527,701 544,692 575,692 588,701 589,701 590,701 591,702 591,701 592,701 593,701 608,691 650,691 669,704 671,705 672,705 673,705 674,705 694,704 695,704 696,704 696,703 709,693 760,703 761,680 760,658 730,658 729,657 715,647 714,647 713,647 712,647 711,647 700,653 690,646 689,646 688,646 687,646 687,646 648,657 643,658 637,657 620,654 619,654 618,654 610,657 604,660 563,660 557,656 536,648 535,648 534,648 498,649 497,649 496,649 489,654 482,649 481,649 480,649 479,649 433,650 432,650 431,650 422,656 414,661 386,655 364,652 364,652 363,652 353,655 343,660 333,655 330,654 329,654 328,654 320,655 307,657 298,655 288,653 287,653 286,653 285,653 280,655 274,658 254,655 232,652 231,652 230,652 223,654 214,659 187,654 183,654 182,654 181,654 180,654 160,665 98,665 83,655 82,655 81,655 62,654 62,688"/>
        <pc:Baseline points="62,688 761,680"/>
        <pc:TextEquiv index="0">
          <pc:Unicode>Theil dieſer Brüder im Schuldienſte oder auf an⸗</pc:Unicode>
        </pc:TextEquiv>
        <pc:TextEquiv conf="0.9804" index="1">
          <pc:Unicode>Theil dieſer Brüder im Schuldienſte oder auf an⸗</pc:Unicode>
        </pc:TextEquiv>
      </pc:TextLine>
      <pc:TextLine id="eSc_line_fbc1a810" custom="structure {type:default;}">
        <pc:Coords points="63,743 63,756 114,760 115,760 116,760 126,756 162,769 163,769 164,769 178,769 178,769 179,769 180,769 180,768 193,757 208,757 220,768 221,768 222,768 223,768 246,763 288,768 289,768 290,768 313,760 341,766 342,766 343,766 370,756 386,761 387,761 388,761 389,761 390,761 390,760 399,752 400,752 439,752 440,738 438,716 395,708 394,708 393,708 392,708 392,709 385,716 363,716 343,709 342,709 300,709 299,709 257,717 195,711 194,711 193,711 175,717 138,711 137,711 136,711 120,718 78,715 77,715 76,715 62,719 63,743"/>
        <pc:Baseline points="63,743 440,738"/>
        <pc:TextEquiv index="0">
          <pc:Unicode>dre Weiſe geſchäftig iſt.</pc:Unicode>
        </pc:TextEquiv>
        <pc:TextEquiv conf="0.9792" index="1">
          <pc:Unicode>dre Weiſe geſchäftig iſt.</pc:Unicode>
        </pc:TextEquiv>
      </pc:TextLine>
      <pc:TextLine id="eSc_line_d7d99f44" custom="structure {type:default;}">
        <pc:Coords points="106,795 106,810 154,806 162,810 168,812 169,812 170,812 171,812 181,810 198,804 208,809 219,815 220,815 221,815 281,814 281,814 282,814 292,807 297,803 307,807 314,809 315,809 316,809 350,806 413,800 436,800 442,803 452,810 453,810 454,810 455,810 479,810 480,810 481,810 492,802 500,798 516,802 541,809 541,809 542,809 564,808 565,808 580,800 590,796 601,800 602,800 603,800 637,795 651,799 672,806 673,806 674,806 692,805 693,805 694,805 702,798 704,796 719,796 722,798 729,804 730,804 731,804 732,805 751,805 751,804 752,804 753,804 761,798 761,781 759,750 715,759 685,758 677,752 676,751 675,751 674,751 673,751 672,751 671,751 670,752 657,760 629,756 628,756 627,756 617,761 532,761 510,757 499,755 498,755 443,757 442,757 441,757 439,758 431,765 412,760 411,760 410,760 409,760 397,766 291,764 290,764 267,769 257,763 251,760 250,760 250,760 249,760 241,764 230,769 220,764 214,761 213,761 212,761 178,764 177,764 177,764 175,765 167,770 153,766 144,763 143,763 142,763 104,767 106,795"/>
        <pc:Baseline points="106,795 761,781"/>
        <pc:TextEquiv index="0">
          <pc:Unicode>Am 7ten July war das Begräbniß der Leiche des</pc:Unicode>
        </pc:TextEquiv>
        <pc:TextEquiv conf="0.9936" index="1">
          <pc:Unicode>Am 7ten July war das Begräbniß der Leiche des</pc:Unicode>
        </pc:TextEquiv>
      </pc:TextLine>
      <pc:TextLine id="eSc_line_c21de5c0" custom="structure {type:default;}">
        <pc:Coords points="68,850 68,858 166,859 182,866 183,866 184,866 185,866 210,858 211,858 259,862 260,862 260,862 280,857 289,855 332,855 336,857 347,862 348,862 349,862 350,862 359,857 366,853 392,853 398,857 405,861 406,861 406,861 407,861 408,861 418,856 425,854 433,856 442,859 443,859 444,859 445,859 446,859 448,856 453,852 464,856 478,861 479,861 479,862 510,862 510,861 510,861 511,861 518,856 526,851 577,851 592,855 603,859 604,859 604,859 645,858 646,858 647,858 650,855 657,850 681,855 691,857 692,857 707,855 734,851 754,854 755,837 753,817 708,808 708,808 674,809 673,809 672,809 662,818 659,818 646,814 645,814 645,814 644,814 643,814 638,818 635,820 552,821 544,819 522,812 521,812 520,812 520,812 519,812 510,819 506,821 495,819 474,814 473,814 472,814 462,820 457,821 451,820 443,816 442,816 441,816 425,820 409,823 396,820 381,815 380,815 379,815 357,821 344,823 341,821 335,816 334,816 333,816 314,815 313,815 312,815 312,815 312,816 306,821 303,823 260,827 239,827 231,821 226,817 225,817 224,817 223,817 164,818 163,818 147,822 126,828 112,822 104,820 104,820 103,820 67,822 68,850"/>
        <pc:Baseline points="68,850 755,837"/>
        <pc:TextEquiv index="0">
          <pc:Unicode>led. Br. James Butterworth, der wenige Tage</pc:Unicode>
        </pc:TextEquiv>
        <pc:TextEquiv conf="0.9781" index="1">
          <pc:Unicode>led. Br. James Butterworth, der wenige Tage</pc:Unicode>
        </pc:TextEquiv>
      </pc:TextLine>
      <pc:TextLine id="eSc_line_184062de" custom="structure {type:default;}">
        <pc:Coords points="65,911 104,924 105,924 106,924 107,924 155,911 158,910 163,910 228,921 229,921 261,919 262,919 263,919 279,910 283,907 312,908 312,909 322,915 322,915 323,915 324,915 325,915 342,909 345,908 385,909 414,909 415,909 416,909 416,909 416,908 424,904 437,908 457,914 458,914 515,914 516,914 517,914 538,907 559,901 671,904 672,904 699,899 718,906 727,909 728,909 729,909 763,905 763,888 760,863 747,870 676,871 625,866 623,866 622,866 621,866 620,866 612,872 594,872 588,867 585,864 584,864 583,864 583,864 519,865 518,865 517,865 513,868 508,872 488,869 472,866 471,866 470,866 458,870 429,877 388,878 371,878 362,872 360,870 359,870 358,870 357,870 356,870 352,872 336,877 308,877 302,872 300,871 299,871 298,871 297,871 237,872 236,872 235,872 232,873 224,881 206,874 202,873 201,873 200,873 199,873 196,874 177,882 167,875 166,873 165,873 164,873 144,873 143,873 109,876 108,876 107,876 107,877 99,884 77,884 66,877 65,904 65,911"/>
        <pc:Baseline points="65,904 763,888"/>
        <pc:TextEquiv index="0">
          <pc:Unicode>vorher verſchieden war.  Der ſel. Bruder war meh⸗</pc:Unicode>
        </pc:TextEquiv>
        <pc:TextEquiv conf="0.9859" index="1">
          <pc:Unicode>vorher verſchieden war. Der ſel. Bruder war meh⸗</pc:Unicode>
        </pc:TextEquiv>
      </pc:TextLine>
      <pc:TextLine id="eSc_line_ad35c556" custom="structure {type:default;}">
        <pc:Coords points="67,958 67,972 108,972 120,980 121,980 122,980 123,981 140,981 140,980 141,980 156,975 187,978 188,978 189,978 190,978 197,973 248,977 249,977 250,977 280,966 286,965 289,966 303,976 304,976 305,976 306,976 322,976 322,976 323,976 324,976 337,966 338,965 339,966 357,975 358,975 359,975 360,975 361,975 373,965 375,963 397,962 432,964 480,966 481,966 482,966 483,966 487,962 489,959 525,959 531,961 554,969 555,969 556,970 579,970 579,969 580,969 604,960 632,965 633,965 634,965 635,965 644,958 645,957 647,958 660,966 661,966 662,966 663,967 683,967 683,966 684,966 685,966 696,957 699,956 761,956 762,941 760,914 697,922 687,915 681,911 680,911 679,911 678,911 623,912 622,912 598,919 576,925 552,921 539,918 538,918 537,918 531,922 520,927 467,928 457,924 438,916 437,916 437,916 414,919 413,919 412,919 404,925 400,929 395,926 381,919 380,919 379,919 378,919 367,924 337,919 336,919 335,919 334,919 321,929 315,933 298,933 293,930 274,921 273,921 272,921 271,921 251,931 246,935 210,935 201,933 158,924 157,924 156,924 145,930 89,930 88,930 87,930 66,937 67,958"/>
        <pc:Baseline points="67,958 762,941"/>
        <pc:TextEquiv index="0">
          <pc:Unicode>rere Jahre zur Hülfe bey den Verſam̅lungen in</pc:Unicode>
        </pc:TextEquiv>
        <pc:TextEquiv conf="0.9811" index="1">
          <pc:Unicode>rere Jahre zur Hülfe bey den Verſam̅lungen in</pc:Unicode>
        </pc:TextEquiv>
      </pc:TextLine>
      <pc:TextLine id="eSc_line_01c7959a" custom="structure {type:default;}">
        <pc:Coords points="69,1011 70,1035 81,1029 92,1034 96,1036 97,1036 98,1036 161,1032 162,1032 163,1032 178,1021 193,1031 197,1034 197,1034 198,1034 199,1035 229,1035 229,1034 264,1030 265,1030 268,1029 281,1022 291,1028 299,1032 300,1032 301,1032 367,1029 368,1029 375,1026 389,1018 401,1025 408,1030 409,1030 410,1030 411,1031 432,1031 432,1030 433,1030 434,1030 442,1024 453,1015 552,1015 561,1020 562,1022 563,1022 564,1022 565,1022 586,1020 611,1027 612,1027 613,1027 614,1027 614,1027 626,1018 635,1012 718,1011 727,1016 737,1020 738,1020 739,1020 764,1014 764,999 763,974 754,968 753,968 752,968 751,968 689,969 688,969 687,969 676,976 671,979 667,977 655,970 654,970 604,970 603,970 602,970 583,979 579,982 563,982 559,979 544,974 543,974 542,974 465,979 443,975 442,975 441,975 440,975 434,979 389,974 388,974 371,975 370,975 369,975 358,984 356,986 281,987 241,987 241,987 218,977 217,977 216,977 215,977 175,988 173,988 171,988 122,978 121,978 68,990 69,1011"/>
        <pc:Baseline points="69,1011 764,999"/>
        <pc:TextEquiv index="0">
          <pc:Unicode>hieſiger Gegend gebraucht worden, u ſeine ein⸗</pc:Unicode>
        </pc:TextEquiv>
        <pc:TextEquiv conf="0.9865" index="1">
          <pc:Unicode>hieſiger Gegend gebraucht worden, u ſeine ein⸗</pc:Unicode>
        </pc:TextEquiv>
      </pc:TextLine>
      <pc:TextLine id="eSc_line_014601e6" custom="structure {type:default;}">
        <pc:Coords points="70,1063 71,1086 104,1076 117,1085 118,1086 119,1086 120,1086 121,1086 213,1084 214,1084 224,1081 234,1079 244,1080 258,1083 259,1083 260,1083 266,1080 278,1073 289,1079 298,1083 299,1083 300,1083 324,1078 359,1070 426,1070 433,1074 433,1075 434,1075 435,1075 436,1075 437,1075 439,1074 449,1070 456,1073 458,1075 459,1075 460,1075 461,1075 467,1073 479,1069 486,1072 494,1079 495,1079 496,1079 497,1079 498,1079 520,1071 533,1068 549,1069 551,1070 561,1079 562,1079 562,1079 563,1079 610,1074 645,1078 646,1078 647,1078 677,1066 679,1065 726,1065 738,1070 739,1070 739,1070 740,1070 763,1063 763,1052 761,1029 730,1022 729,1022 702,1028 650,1023 649,1023 648,1023 647,1023 638,1030 600,1024 599,1024 598,1024 577,1032 559,1032 550,1024 549,1024 548,1024 547,1024 504,1025 503,1025 472,1033 433,1026 432,1026 431,1026 414,1035 357,1035 242,1028 241,1028 218,1029 217,1029 216,1029 208,1037 186,1031 185,1031 184,1031 183,1031 159,1038 137,1031 136,1031 135,1031 135,1031 134,1031 125,1039 108,1032 107,1032 106,1032 69,1039 70,1063"/>
        <pc:Baseline points="70,1063 763,1052"/>
        <pc:TextEquiv index="0">
          <pc:Unicode>fältigen Zeugniſſe von der Liebe Jeſu zu den</pc:Unicode>
        </pc:TextEquiv>
        <pc:TextEquiv conf="0.9859" index="1">
          <pc:Unicode>fältigen Zeugniſſe von der Liebe Jeſu zu den</pc:Unicode>
        </pc:TextEquiv>
      </pc:TextLine>
      <pc:TextLine id="eSc_line_30bf801a" custom="structure {type:default;}">
        <pc:Coords points="70,1116 71,1137 94,1129 121,1136 123,1136 124,1136 125,1136 125,1136 127,1135 156,1125 177,1125 191,1133 195,1136 196,1136 197,1136 197,1136 216,1133 255,1126 267,1132 274,1135 275,1135 276,1135 330,1133 331,1133 338,1130 351,1122 370,1129 371,1129 372,1129 373,1129 378,1129 405,1124 421,1127 427,1128 427,1128 428,1128 429,1128 430,1127 435,1123 440,1127 446,1130 447,1130 447,1130 448,1130 449,1130 455,1126 464,1121 483,1121 501,1125 511,1127 512,1127 554,1123 558,1123 573,1131 574,1131 575,1132 601,1132 601,1131 602,1131 619,1122 625,1119 638,1121 689,1130 690,1130 691,1130 692,1130 710,1119 713,1118 760,1118 760,1107 758,1083 729,1085 726,1083 715,1074 714,1074 713,1074 712,1074 669,1075 668,1075 667,1075 656,1083 601,1076 600,1076 599,1076 598,1076 590,1081 573,1076 572,1076 572,1076 508,1077 507,1077 483,1088 479,1089 476,1088 447,1078 447,1078 446,1078 445,1078 444,1078 431,1088 422,1089 408,1091 362,1091 361,1090 341,1081 340,1081 339,1081 338,1081 337,1081 329,1087 316,1081 315,1081 314,1081 272,1091 270,1092 228,1092 218,1092 204,1085 203,1085 202,1085 201,1085 181,1092 166,1081 166,1081 165,1081 164,1081 163,1081 135,1090 124,1082 123,1082 122,1082 102,1082 101,1082 100,1082 99,1082 83,1094 69,1094 70,1116"/>
        <pc:Baseline points="70,1116 760,1107"/>
        <pc:TextEquiv index="0">
          <pc:Unicode>Sündern gereichten vielen Seelen zum Segen.</pc:Unicode>
        </pc:TextEquiv>
        <pc:TextEquiv conf="0.9901" index="1">
          <pc:Unicode>Sündern gereichten vielen Seelen zum Segen.</pc:Unicode>
        </pc:TextEquiv>
      </pc:TextLine>
      <pc:TextLine id="eSc_line_32f322bf" custom="structure {type:default;}">
        <pc:Coords points="73,1168 73,1179 137,1179 156,1188 156,1188 157,1188 158,1188 173,1180 194,1179 218,1178 279,1179 281,1179 297,1188 298,1188 299,1188 300,1188 317,1180 319,1179 321,1180 333,1184 334,1184 335,1184 357,1180 367,1188 368,1188 369,1188 370,1188 371,1188 372,1188 385,1180 398,1180 435,1179 437,1180 447,1187 447,1187 448,1187 449,1188 465,1188 465,1187 466,1187 485,1180 500,1174 514,1180 518,1182 519,1182 520,1182 531,1181 568,1174 582,1181 592,1185 593,1185 593,1185 594,1185 606,1181 612,1185 613,1185 614,1185 614,1185 703,1184 704,1184 705,1184 709,1181 721,1173 737,1181 738,1181 739,1182 758,1182 758,1161 756,1128 734,1128 733,1128 732,1128 731,1128 717,1136 701,1129 697,1128 697,1128 696,1128 695,1128 688,1130 651,1141 643,1137 642,1137 641,1137 640,1137 639,1137 634,1143 585,1143 541,1142 533,1134 528,1130 527,1130 526,1130 525,1130 489,1136 470,1139 465,1136 455,1132 454,1132 419,1131 418,1131 417,1131 401,1139 388,1144 356,1140 303,1132 302,1132 302,1132 301,1132 289,1143 287,1143 285,1143 281,1140 280,1140 279,1140 260,1143 241,1147 208,1147 205,1144 193,1135 192,1135 191,1135 158,1133 157,1133 125,1139 93,1137 93,1137 92,1137 72,1147 73,1168"/>
        <pc:Baseline points="73,1168 758,1161"/>
        <pc:TextEquiv index="0">
          <pc:Unicode>Er wurde von allen, die ihn kan̅ten, geſchätzt u</pc:Unicode>
        </pc:TextEquiv>
        <pc:TextEquiv conf="0.9572" index="1">
          <pc:Unicode>Er wurde von allen, die ihn kan̅ten, geſchätzt u</pc:Unicode>
        </pc:TextEquiv>
      </pc:TextLine>
      <pc:TextLine id="eSc_line_a5a15a6b" custom="structure {type:default;}">
        <pc:Coords points="72,1223 72,1246 108,1243 109,1243 133,1233 205,1236 219,1243 223,1244 224,1244 225,1244 226,1244 230,1242 262,1231 291,1231 316,1240 321,1242 322,1242 322,1243 362,1243 362,1242 363,1242 364,1242 367,1239 383,1229 431,1233 432,1233 506,1228 518,1236 525,1240 526,1240 527,1240 528,1240 592,1234 596,1234 599,1234 651,1238 652,1238 683,1232 704,1227 767,1229 769,1215 767,1195 750,1195 734,1182 733,1182 732,1182 731,1182 709,1184 708,1184 687,1195 617,1195 582,1184 581,1184 580,1184 579,1184 554,1193 541,1184 540,1184 539,1184 538,1184 537,1184 507,1196 461,1190 460,1190 459,1190 458,1190 458,1191 451,1196 437,1185 437,1185 436,1185 383,1185 382,1185 381,1185 364,1193 354,1186 354,1186 353,1186 314,1186 313,1186 312,1186 290,1195 228,1187 227,1187 226,1187 178,1199 154,1194 153,1194 152,1194 136,1200 120,1189 119,1189 118,1189 117,1189 116,1189 71,1202 72,1223"/>
        <pc:Baseline points="72,1223 769,1215"/>
        <pc:TextEquiv index="0">
          <pc:Unicode>geliebt, u ſein Rath wurde in ſchwierigen Fällen</pc:Unicode>
        </pc:TextEquiv>
        <pc:TextEquiv conf="0.9761" index="1">
          <pc:Unicode>geliebt, u ſein Rath wurde in ſchwierigen Fällen</pc:Unicode>
        </pc:TextEquiv>
      </pc:TextLine>
      <pc:TextLine id="eSc_line_d9d3b7fa" custom="structure {type:default;}">
        <pc:Coords points="71,1278 72,1300 89,1288 109,1294 110,1294 111,1294 199,1286 226,1297 229,1298 229,1298 230,1298 335,1296 336,1296 340,1294 361,1285 372,1290 373,1290 374,1290 375,1290 399,1282 435,1287 436,1287 437,1287 457,1281 469,1291 471,1293 472,1293 473,1293 474,1293 489,1291 570,1279 593,1279 604,1287 604,1287 605,1287 606,1287 607,1287 624,1278 675,1283 676,1283 697,1278 708,1287 710,1288 711,1288 712,1288 713,1289 729,1289 729,1288 729,1288 730,1288 734,1286 744,1279 766,1285 768,1266 765,1245 696,1246 695,1246 679,1238 678,1238 677,1238 635,1247 634,1247 618,1236 617,1236 616,1236 601,1236 600,1236 599,1236 598,1236 579,1247 578,1248 527,1248 505,1237 504,1237 503,1237 463,1242 439,1238 438,1238 402,1239 401,1239 366,1251 365,1252 340,1252 336,1252 316,1241 315,1241 314,1241 243,1242 242,1242 198,1254 178,1254 160,1244 159,1244 118,1244 117,1244 116,1244 70,1256 71,1278"/>
        <pc:Baseline points="71,1278 768,1266"/>
        <pc:TextEquiv index="0">
          <pc:Unicode>ſowol von Geſchwiſtern als auch von Fremden ge⸗</pc:Unicode>
        </pc:TextEquiv>
        <pc:TextEquiv conf="0.9992" index="1">
          <pc:Unicode>ſowol von Geſchwiſtern als auch von Fremden ge⸗</pc:Unicode>
        </pc:TextEquiv>
      </pc:TextLine>
      <pc:TextLine id="eSc_line_05c96ac4" custom="structure {type:default;}">
        <pc:Coords points="74,1327 74,1351 114,1351 114,1350 114,1350 115,1350 116,1349 133,1336 158,1340 159,1340 160,1340 161,1340 170,1335 204,1335 234,1340 239,1344 243,1348 244,1348 245,1348 246,1349 302,1349 302,1348 349,1342 350,1342 351,1342 353,1340 364,1333 398,1333 410,1339 411,1339 412,1339 413,1339 414,1339 422,1332 441,1332 448,1338 458,1345 459,1345 460,1345 461,1345 489,1339 530,1345 531,1345 592,1332 607,1330 614,1332 621,1335 622,1335 623,1335 723,1331 735,1339 736,1339 737,1339 738,1339 739,1339 760,1327 760,1319 759,1297 691,1297 691,1296 656,1286 656,1286 620,1286 619,1286 618,1286 617,1286 606,1294 593,1291 592,1291 591,1291 590,1291 583,1296 581,1298 571,1296 553,1293 552,1293 552,1293 541,1296 530,1299 516,1296 491,1291 490,1291 489,1291 489,1291 482,1296 479,1298 467,1296 447,1293 446,1293 429,1296 418,1298 414,1296 398,1288 397,1288 396,1288 333,1289 333,1289 332,1289 323,1296 316,1301 302,1301 290,1296 288,1295 287,1295 286,1295 285,1295 283,1296 273,1300 250,1296 239,1294 239,1294 238,1294 234,1296 219,1302 201,1296 199,1295 198,1295 197,1295 197,1295 195,1296 188,1299 181,1296 175,1291 174,1291 173,1291 172,1291 73,1295 74,1327"/>
        <pc:Baseline points="74,1327 760,1319"/>
        <pc:TextEquiv index="0">
          <pc:Unicode>ſucht u benutzt. Jn der letzten Zeit wurde er</pc:Unicode>
        </pc:TextEquiv>
        <pc:TextEquiv conf="0.981" index="1">
          <pc:Unicode>ſucht u benutzt. Jn der letzten Zeit wurde er</pc:Unicode>
        </pc:TextEquiv>
      </pc:TextLine>
      <pc:TextLine id="eSc_line_a0dad0bd" custom="structure {type:default;}">
        <pc:Coords points="72,1378 72,1402 134,1402 156,1410 157,1410 158,1410 218,1399 252,1392 336,1392 347,1396 374,1407 375,1407 375,1407 376,1407 407,1394 412,1394 478,1391 482,1392 501,1403 502,1403 503,1403 504,1403 520,1399 529,1405 530,1405 531,1405 531,1405 674,1404 675,1404 721,1388 767,1386 767,1371 764,1340 739,1345 686,1342 685,1342 684,1342 667,1350 649,1342 648,1342 647,1342 601,1341 600,1341 588,1343 572,1347 565,1344 562,1342 561,1342 560,1342 559,1342 558,1342 555,1344 550,1348 539,1344 531,1342 530,1342 529,1342 528,1342 522,1345 510,1351 503,1345 500,1343 500,1343 499,1343 481,1343 480,1343 479,1343 474,1346 463,1351 452,1346 446,1343 445,1343 444,1343 443,1343 442,1343 437,1347 428,1351 422,1348 421,1348 420,1348 419,1348 408,1352 385,1348 381,1347 380,1347 370,1348 335,1352 317,1349 298,1345 297,1345 296,1345 295,1345 290,1350 284,1354 212,1354 205,1351 194,1346 193,1346 165,1346 164,1346 163,1346 144,1352 143,1352 141,1352 107,1347 106,1347 71,1353 72,1378"/>
        <pc:Baseline points="72,1378 767,1371"/>
        <pc:TextEquiv index="0">
          <pc:Unicode>durch ſchwere Krankheiten unfähig gemacht, ſeine</pc:Unicode>
        </pc:TextEquiv>
        <pc:TextEquiv conf="0.9903" index="1">
          <pc:Unicode>durch ſchwere Krankheiten unfähig gemacht, ſeine</pc:Unicode>
        </pc:TextEquiv>
      </pc:TextLine>
      <pc:TextLine id="eSc_line_b1f6e77e" custom="structure {type:default;}">
        <pc:Coords points="716,1411 716,1431 763,1429 763,1411 763,1392 750,1392 746,1388 739,1382 739,1382 738,1382 737,1382 716,1382 716,1411"/>
        <pc:Baseline points="716,1411 763,1411"/>
        <pc:TextEquiv index="0">
          <pc:Unicode>Ar⸗</pc:Unicode>
        </pc:TextEquiv>
        <pc:TextEquiv conf="0.9959" index="1">
          <pc:Unicode>Ar⸗</pc:Unicode>
        </pc:TextEquiv>
      </pc:TextLine>
    </pc:TextRegion>
    <pc:TextRegion id="eSc_textblock_0af72dd9" custom="structure {type:text;}">
      <pc:Coords points="64,1564 62,1564 62,1558 63,1558"/>
    </pc:TextRegion>
  </pc:Page>
</pc:PcGts>
