1000 1642
312 97 927 179 Jubil. des Einzugs der led. Schwn.
198 102 291 177 312.
248 175 929 239 ſolte gebaut werden. Jndeſſen wur⸗
240 228 922 292 de doch die Ausführung dieſes Werkes
243 284 909 349 von dem ſel. Grafen v. Zinzendorf —
239 341 913 398 der ſich damals in England befand, u.
237 395 913 455 der darüber ein ausdrückliches Wort
238 449 914 513 unſers l. Herrn erhalten hatte. — ſo
239 505 913 566 ernſtlich betrieben, daß am 24t April
238 562 937 625 1755. wirklich der Grundſtein zu einem
238 615 918 680 Chorhauſe der ledigen Schweſtern auf
237 671 915 730 eine ſehr feyerliche u. mit beſonderer
234 720 903 786 Gnade des Heilands begleitete Weiſe,
238 776 925 843 gelegt wurde. Die Beſorgung u. Inspec⸗
235 835 924 892 tion des Baues wurde dem ſel. Br. Sieg⸗
234 887 914 954 mund v. Gersdorf aufgetragen, u. von
237 945 935 1008 demſelben mit größter Angelegenheit
237 1000 926 1061 u. Treue geführt. Die ſel. Schw. Maria
233 1051 927 1111 Magdalena Augustin übernahm die Bau⸗
235 1111 924 1166 Caſſa; u. dieſe treue Dienerin des Hlds
236 1158 921 1225 hat ſich durch ihren unermüdeten Fleiß
234 1217 924 1277 bey Verwaltung derſelben ein unaus⸗
233 1269 922 1334 löſchlich dankbares Andenken geſtiftet.
232 1325 914 1399 Sie ſchlug ſich zu dieſem wichtigen Vorha⸗
844 1377 916 1415 ben
