1000 1643
171 117 232 179 98.
249 110 891 172 Beſuch in Mähren, April 1806.
225 210 910 261 wurde, wie wir von einer wohlthätigen Ge⸗
224 261 905 319 ſellſchaft abgeſchickt wären, um auch ihm ein
221 317 914 369 Geſchenk zu überbringen, welches er als vom
221 367 905 425 Heiland zugeſandt annehmen, u Jhm dafür
216 426 905 481 danken 〚müſſe〛 möchte, ſchien er ganz außer
215 479 905 536 Faſſung gebracht, u mit niedergeſchlagenen
215 531 907 588 Augen u gefaltenen Händen wußte er vor
213 584 910 642 Beſchämung u Freude lange keine Worte zu
217 643 905 696 finden, ſeine in̅ige Dankbarkeit darüber
212 700 914 753 auszudrücken. Wir verließen ihn u dieſen
208 751 922 811 Ort mit dem herzlichen Wunſch, daß der Heiland
211 809 912 862 doch auch ferner mit Seiner Gnade unter dieſen
210 858 908 914 Geſchwiſtern wohnen, u ihnen ſtets mehrere zu⸗
212 913 909 968 geſellen möge; u gingen ſodan̅ zurück nach
208 962 905 1014 Hof, u von da auf die andere Seite wieder
210 1018 912 1069 eine Stunde weit nach Chriſtdorf, wo wir von
207 1072 912 1130 unſern Geſchw. Öhlers ſehr liebreich aufgenom̅en
208 1127 905 1180 wurden. Es verſam̅elte ſich bald nach unſrer
203 1182 904 1240 Ankunft eine Anzahl der daſigen mit uns
204 1237 905 1284 verbundenen Brüder, mit denen wir viele
202 1290 909 1349 ſehr geſegnete Unterredungen hatten; wobey
205 1340 903 1402 ihre Einfalt u Liebe unter einander uns
867 1396 906 1452 be⸗
