1000 1640
69 116 712 177 Schreiben von Br. Kluge, April 1806.
734 120 811 183 129.
48 204 757 266 verſam̅eln, um die alberne Geſchichte von der Erſcheinung,
49 261 757 313 die dieſe verblendeten Menſchen nach ihrem Vorgeben
45 312 747 368 von Gott bekom̅en haben, anzuhören u darnach zu
49 366 756 422 thun. Unter dieſen Lehrern war einer in Sehawand
44 420 755 482 ein Erzböſewicht; dieſer wurde für den größeſten ge⸗
46 479 760 530 halten, weil er vorgab, er kön̅e alle verborgene Dinge
45 530 753 584 entdecken. Dieſes war der Delawar⸗Nation ſehr will⸗
50 582 758 639 kom̅en; ſie beſchloſſen daher bey dieſer Gelegenheit, einen
53 637 751 693 großen Gerichtstag zu halten, u alle nach ihrem Aber⸗
51 690 750 750 glauben vermeinte Hexen, wie auch das Gift unter
52 748 755 803 ſich auszurotten, mit dem Entſchluß, daß ſie alle die⸗
52 798 752 854 jenigen, die der Sehawand beſchuldigen würde, mit
53 849 751 908 Feuer zum Geſtändniß bringen wollten; u wer es
53 907 751 962 den̅och nicht geſtehen wollte, der ſollte ohne weiteres
56 957 759 1012 mit dem Kriegsbeil zerhackt u verbran̅t werden. Dieſem
60 1010 758 1071 abſcheulichen Vorſatz zufolge rottete ſich die junge Jndi⸗
61 1064 758 1125 aniſche Man̅ſchaft zuſam̅en; ſie machten die wildeſten
59 1117 752 1177 zu ihren Anführern, ſetzten ihre alten Chiefs ab, u
60 1175 758 1229 bewachten das verſam̅elte Jndianervolk als Gefangene,
56 1221 746 1280 beſonders die Alten beyderley Geſchlechts. Der alte
58 1266 785 1343 Chief Tettpachſit war der erſte, den ſie beſchuldigten,
64 1328 742 1387 daß er Gift habe u damit ſchon viele Jndianer
698 1383 760 1442 um⸗
