<?xml version="1.0" encoding="utf-8"?>
<pc:PcGts xmlns:pc="http://schema.primaresearch.org/PAGE/gts/pagecontent/2019-07-15" xmlns:xsi="http://www.w3.org/2001/XMLSchema-instance" xsi:schemaLocation="http://schema.primaresearch.org/PAGE/gts/pagecontent/2019-07-15 http://schema.primaresearch.org/PAGE/gts/pagecontent/2019-07-15/pagecontent.xsd" pcGtsId="GT-OCR-GN_1806_1__GN.A.351__375_32633">
  <pc:Metadata externalRef="https://images.iiif.slub-dresden.de/iiif/2/data%2Fkitodo%2FNachaudeB_1745047107_1806_1%2FNachaudeB_1745047107_1806_1_tif%2Fjpegs%2F00000376.tif.medium.jpg/full/full/0/default.jpg">
    <pc:Creator>escriptorium</pc:Creator>
    <pc:Created>2024-01-26T14:56:00.683945Z</pc:Created>
    <pc:LastChange>2024-01-26T14:56:00.683958Z</pc:LastChange>
    <pc:MetadataItem type="processingStep" name="recognition/post-correction" value="ocrd-cor-asv-ann-join">
      <pc:Labels externalModel="ocrd-tool" externalId="parameters">
        <pc:Label value="False" type="add-filegrp-comments"/>
      </pc:Labels>
      <pc:Labels externalModel="ocrd-tool" externalId="version">
        <pc:Label value="0.1.14" type="ocrd-cor-asv-ann-join"/>
        <pc:Label value="2.60.2.dev0+gac1f15b3.d20240125" type="ocrd/core"/>
      </pc:Labels>
    </pc:MetadataItem>
  </pc:Metadata>
  <pc:Page imageFilename="375_32633_default.jpg" imageWidth="1000" imageHeight="1642">
    <pc:TextRegion id="eSc_textblock_f562e244" custom="structure {type:text;}">
      <pc:Coords points="878,98 900,116 896,141 911,160 889,170 918,178 929,197 922,706 915,736 849,766 904,795 929,864 911,1028 922,1072 918,1396 904,1411 821,1411 769,1389 204,1382 208,262 200,189 167,163 164,124 178,105 273,98 556,94"/>
      <pc:TextLine id="eSc_line_75c94d45" custom="structure {type:default;}">
        <pc:Coords points="165,120 167,149 167,169 264,175 265,145 263,119 204,106 202,106 201,106 167,116 165,120"/>
        <pc:Baseline points="168,150 266,146"/>
        <pc:TextEquiv index="0">
          <pc:Unicode>372.</pc:Unicode>
        </pc:TextEquiv>
      </pc:TextLine>
      <pc:TextLine id="eSc_line_9edb1b87">
        <pc:Coords points="882,102 868,97 854,97 841,97 827,97 813,97 800,97 786,97 772,97 761,95 757,99 746,110 673,102 638,98 636,98 635,98 634,98 627,103 616,112 549,112 535,106 509,95 508,95 506,95 505,95 504,95 493,105 472,97 471,97 469,97 468,97 434,109 427,112 356,112 356,110 343,99 343,98 342,98 341,98 326,97 320,97 306,97 293,97 287,97 265,110 267,145 267,157 883,154 884,143 883,103 882,102"/>
        <pc:Baseline points="268,146 303,145 885,145"/>
        <pc:TextEquiv index="0">
          <pc:Unicode>Diarium von Gracehill in Irland</pc:Unicode>
        </pc:TextEquiv>
      </pc:TextLine>
      <pc:TextLine id="eSc_line_3e809544" custom="structure {type:default;}">
        <pc:Coords points="218,224 218,245 242,245 242,244 243,244 244,244 255,236 269,236 281,243 281,244 282,244 283,244 284,245 316,245 316,244 317,244 323,242 344,235 426,235 440,239 443,240 444,240 445,240 459,239 497,235 520,238 549,241 550,241 570,237 585,232 636,232 645,235 652,238 653,238 654,238 692,234 709,232 712,233 724,239 725,239 726,239 768,233 777,238 778,238 894,239 895,239 895,239 917,228 917,218 916,181 910,176 909,176 908,176 907,176 906,176 881,183 874,185 868,183 844,176 843,176 843,176 760,176 715,186 688,179 687,179 687,179 686,179 685,179 673,187 663,193 546,193 539,189 530,184 529,184 528,184 496,179 495,179 494,179 465,191 458,194 452,191 447,188 446,188 445,188 444,188 443,188 439,191 434,195 396,195 392,192 375,180 375,180 374,180 317,180 316,180 315,180 281,193 255,182 254,182 253,182 252,182 217,195 218,224"/>
        <pc:Baseline points="218,224 917,218"/>
        <pc:TextEquiv index="0">
          <pc:Unicode>ihr Gehör verlor, ſo mußte ſie beinahe</pc:Unicode>
        </pc:TextEquiv>
      </pc:TextLine>
      <pc:TextLine id="eSc_line_bd70444f" custom="structure {type:default;}">
        <pc:Coords points="214,275 214,286 317,286 320,287 338,292 339,292 340,293 410,293 410,292 434,288 442,286 450,288 468,292 469,292 470,292 490,288 500,286 550,286 554,289 556,290 557,290 558,290 559,290 583,289 623,286 630,290 636,292 637,292 638,293 680,293 680,292 681,292 682,292 685,290 689,287 695,290 700,292 701,292 702,293 746,293 746,292 747,292 748,292 750,290 755,287 790,290 807,292 808,292 809,292 810,292 812,290 818,286 835,291 840,292 841,292 842,292 843,292 845,291 854,287 866,291 869,292 870,292 871,292 916,291 916,275 914,238 887,245 864,239 851,235 850,235 849,235 848,235 839,239 823,246 782,240 746,235 745,235 744,235 743,235 733,241 715,252 681,252 656,243 633,235 632,235 597,235 596,235 595,235 594,235 586,241 539,236 538,236 537,236 536,236 522,246 512,252 402,252 396,248 387,240 386,240 385,240 342,235 341,235 340,235 339,235 321,249 318,252 302,252 300,250 280,235 279,235 278,235 257,235 256,235 255,235 254,235 235,250 214,251 214,275"/>
        <pc:Baseline points="214,275 916,275"/>
        <pc:TextEquiv index="0">
          <pc:Unicode>allen Umgang mit Kindern Gottes ent⸗</pc:Unicode>
        </pc:TextEquiv>
      </pc:TextLine>
      <pc:TextLine id="eSc_line_e648a578" custom="structure {type:default;}">
        <pc:Coords points="214,326 213,340 262,347 263,347 264,347 265,347 274,342 296,344 297,344 323,340 348,336 372,340 403,345 404,345 405,345 426,340 430,339 431,340 440,348 441,348 442,348 443,349 477,349 477,348 478,348 502,340 509,338 514,340 542,349 543,349 544,350 571,350 571,349 572,349 603,340 606,339 609,340 625,347 626,347 627,347 663,341 677,350 678,350 679,350 680,351 708,351 708,350 709,350 710,350 728,340 729,339 799,339 800,340 815,349 816,349 817,349 818,349 819,349 839,340 885,339 886,331 885,290 854,290 854,290 853,290 852,290 845,296 838,290 837,290 836,290 835,290 834,290 833,290 805,307 760,307 739,292 738,291 737,291 736,291 735,291 734,291 732,292 708,306 639,306 620,294 619,293 618,293 617,293 616,293 615,293 612,294 604,297 600,294 592,289 591,289 590,289 589,289 588,289 575,293 504,289 503,289 502,289 501,289 491,296 481,304 443,304 433,297 423,290 422,290 421,290 382,288 381,288 380,288 360,298 350,303 308,303 302,299 286,287 285,287 284,287 244,287 243,287 242,287 214,300 214,326"/>
        <pc:Baseline points="214,326 886,331"/>
        <pc:TextEquiv index="0">
          <pc:Unicode>behren. Wenig Wochen vor ihrem Ende</pc:Unicode>
        </pc:TextEquiv>
      </pc:TextLine>
      <pc:TextLine id="eSc_line_e824392d" custom="structure {type:default;}">
        <pc:Coords points="215,385 215,399 230,403 231,403 246,400 263,395 273,400 282,404 283,404 284,404 285,404 286,404 291,400 296,395 312,400 328,405 329,405 330,405 331,405 348,400 360,397 367,400 376,405 377,405 378,405 379,405 387,400 399,394 428,394 473,401 494,404 495,405 586,405 586,404 587,404 588,404 591,402 599,394 618,401 619,401 620,401 621,401 639,394 690,398 691,398 692,398 709,393 758,393 802,403 804,403 805,404 838,404 838,403 839,403 840,403 864,395 911,403 913,383 912,358 905,353 904,353 903,353 902,353 901,353 900,353 892,359 886,363 813,363 809,360 793,347 792,347 791,347 753,347 752,347 751,347 718,360 713,362 709,360 689,353 688,353 687,353 687,353 672,361 667,363 664,361 640,348 639,348 526,348 525,348 524,348 523,348 506,362 502,363 489,362 475,360 474,360 437,362 388,364 369,363 353,351 352,351 351,351 350,351 349,351 348,351 333,363 331,364 320,364 317,363 300,349 299,349 298,349 268,349 267,349 266,349 265,349 245,362 214,363 215,385"/>
        <pc:Baseline points="215,385 913,383"/>
        <pc:TextEquiv index="0">
          <pc:Unicode>erlangte ſie indeß zu jedermans Verwun⸗</pc:Unicode>
        </pc:TextEquiv>
      </pc:TextLine>
      <pc:TextLine id="eSc_line_ad4ca20d" custom="structure {type:default;}">
        <pc:Coords points="215,441 215,454 307,452 317,455 339,461 340,461 341,461 342,461 360,457 366,461 367,461 368,461 369,461 422,457 441,460 442,460 443,460 444,460 451,456 458,451 469,456 477,457 478,457 479,457 479,457 488,456 503,451 510,456 516,460 517,460 518,460 519,461 540,461 540,460 541,460 552,456 567,450 612,456 614,456 614,456 615,456 638,450 708,450 728,457 738,459 739,459 739,459 770,458 771,458 772,458 774,457 781,452 813,457 829,458 830,458 916,457 916,437 915,417 889,416 869,400 868,400 867,400 831,400 830,400 829,400 811,407 799,400 798,400 797,400 796,400 721,401 720,401 683,416 680,418 625,418 622,416 599,402 598,402 597,402 596,402 595,402 567,416 563,419 503,419 500,416 484,404 483,404 482,404 481,404 449,407 437,402 437,402 397,402 396,402 395,402 395,402 388,407 375,403 374,403 373,403 372,403 344,416 343,416 214,416 215,441"/>
        <pc:Baseline points="215,441 916,437"/>
        <pc:TextEquiv index="0">
          <pc:Unicode>derung ihr Gehör wieder, u. alle ihre Sin̅en</pc:Unicode>
        </pc:TextEquiv>
      </pc:TextLine>
      <pc:TextLine id="eSc_line_f98d04bb" custom="structure {type:default;}">
        <pc:Coords points="211,498 211,509 258,508 273,510 295,515 296,515 297,515 308,510 315,507 377,507 385,510 388,511 389,511 390,511 391,511 395,510 405,507 412,510 419,513 420,513 421,514 453,514 453,513 454,513 463,509 473,506 480,509 481,509 482,509 483,509 500,505 509,509 510,510 511,510 512,510 520,509 561,504 603,509 621,511 622,511 649,509 678,507 709,509 732,510 733,510 734,510 738,509 753,502 785,509 787,509 788,509 789,509 790,509 795,504 807,509 808,509 809,509 810,509 909,508 909,490 906,449 865,462 858,456 857,456 856,456 811,451 810,451 809,451 808,451 787,467 749,467 711,453 709,452 708,452 708,452 623,453 622,453 621,453 620,454 601,469 544,469 534,465 533,465 532,465 489,469 477,462 476,462 475,462 474,462 427,463 418,457 415,455 414,455 413,455 412,455 411,455 404,458 378,471 284,470 272,460 268,457 267,457 266,457 265,457 210,461 211,498"/>
        <pc:Baseline points="211,498 909,490"/>
        <pc:TextEquiv index="0">
          <pc:Unicode>kriegten gleichſam neues Leben, wobey ſie</pc:Unicode>
        </pc:TextEquiv>
      </pc:TextLine>
      <pc:TextLine id="eSc_line_bcab9c7b" custom="structure {type:default;}">
        <pc:Coords points="213,550 215,573 229,563 253,572 254,572 255,573 285,573 285,572 286,572 287,572 300,565 346,571 350,571 351,571 352,571 353,571 364,564 379,569 380,569 381,569 382,569 398,562 435,562 445,570 447,571 447,571 448,571 449,572 473,572 473,571 474,571 475,571 477,570 483,564 498,570 505,571 506,571 507,572 544,572 544,571 545,571 555,569 574,563 592,568 602,571 603,571 604,571 604,571 615,568 638,561 677,566 678,566 701,561 713,566 717,568 718,568 718,568 719,568 724,566 737,561 746,565 747,565 748,565 749,565 763,561 781,565 795,570 796,570 797,570 833,565 864,561 874,564 881,567 882,567 883,567 911,563 912,547 908,511 893,519 883,512 878,508 877,508 876,508 854,508 854,508 853,508 852,508 843,512 829,521 800,516 799,516 798,516 785,522 764,514 750,509 750,509 749,509 748,509 739,513 721,509 720,509 719,509 718,509 706,515 697,509 696,509 695,509 673,509 672,509 671,509 655,517 648,519 640,517 624,512 623,512 622,512 621,512 620,512 614,518 605,524 552,524 544,519 531,509 530,509 529,509 475,509 474,509 473,509 447,520 420,509 419,509 387,509 386,509 385,509 385,509 364,523 360,526 298,526 296,525 274,517 273,517 272,517 271,517 256,525 255,526 212,526 213,550"/>
        <pc:Baseline points="213,550 912,547"/>
        <pc:TextEquiv index="0">
          <pc:Unicode>mit gerührtem Herzen ihre Glückſeligkeit</pc:Unicode>
        </pc:TextEquiv>
      </pc:TextLine>
      <pc:TextLine id="eSc_line_f9235e9e" custom="structure {type:default;}">
        <pc:Coords points="213,609 213,617 283,622 284,622 323,618 343,616 357,618 382,622 383,622 399,618 408,616 414,618 427,623 427,623 428,623 429,623 445,619 453,626 454,626 455,626 456,627 479,627 479,626 480,626 481,626 493,618 497,616 500,618 509,624 510,624 510,624 511,624 512,624 522,619 531,626 532,626 533,626 534,627 556,627 556,626 583,621 595,625 596,625 597,625 598,625 599,625 607,619 614,614 642,619 660,622 661,622 662,622 667,619 673,616 676,619 682,624 683,624 684,624 685,624 686,624 699,620 772,623 773,623 802,619 836,614 849,620 858,623 859,623 860,623 861,623 870,620 885,613 895,620 899,603 897,565 848,561 847,561 846,561 835,567 809,579 791,568 790,567 789,567 788,567 787,567 786,567 783,568 765,578 726,580 711,570 703,564 702,564 701,564 678,562 677,562 677,562 676,562 664,571 650,581 611,581 601,573 588,563 587,563 586,563 585,563 544,564 543,564 542,564 531,574 506,564 505,564 482,564 481,564 480,564 479,564 463,577 457,582 427,583 399,583 394,580 374,565 373,565 372,565 329,565 328,565 327,565 326,565 312,575 289,566 288,566 287,566 286,566 285,566 259,583 258,584 212,584 213,609"/>
        <pc:Baseline points="213,609 899,603"/>
        <pc:TextEquiv index="0">
          <pc:Unicode>in der Gemeinſchaft Jeſu bezeugte. Auf</pc:Unicode>
        </pc:TextEquiv>
      </pc:TextLine>
      <pc:TextLine id="eSc_line_dbfb34a3" custom="structure {type:default;}">
        <pc:Coords points="215,663 215,672 267,680 268,680 301,673 303,673 306,673 335,681 336,681 337,681 338,681 339,681 349,674 350,673 355,674 385,679 385,679 386,679 404,674 415,671 433,675 446,676 447,676 447,676 452,675 459,670 532,670 540,675 547,681 548,681 549,681 550,681 582,675 600,673 607,675 615,679 616,679 698,680 699,680 700,680 701,680 705,676 716,669 741,669 754,677 756,679 757,679 758,679 759,680 800,680 800,679 801,679 802,679 803,677 820,668 846,677 847,677 912,678 913,656 911,637 856,637 854,636 830,629 829,629 828,629 804,633 786,619 785,619 784,619 767,619 766,619 765,619 764,619 753,628 719,621 718,621 718,621 717,621 702,633 696,639 626,639 615,632 600,622 599,622 598,622 597,622 596,622 595,622 579,632 565,640 516,640 503,633 502,633 501,633 500,633 487,640 461,635 460,635 430,638 409,629 395,623 395,623 394,623 289,623 288,623 287,623 283,627 274,633 264,626 260,623 259,623 258,623 257,623 214,625 215,663"/>
        <pc:Baseline points="215,663 913,656"/>
        <pc:TextEquiv index="0">
          <pc:Unicode>dieſe Weiſe verbrachte ſie ihre lezten Ta⸗</pc:Unicode>
        </pc:TextEquiv>
      </pc:TextLine>
      <pc:TextLine id="eSc_line_414ab7fd" custom="structure {type:default;}">
        <pc:Coords points="215,716 215,737 250,730 258,736 259,736 260,736 260,737 287,737 287,736 288,736 289,736 302,727 344,731 345,731 374,727 391,733 392,733 393,733 437,726 457,734 458,734 458,734 459,734 487,725 518,725 527,732 528,732 529,732 550,733 562,733 562,733 564,733 601,724 632,732 633,732 634,732 635,732 635,732 657,724 779,728 780,728 781,728 795,721 835,721 844,728 845,728 846,728 847,728 848,728 849,728 855,724 910,728 911,708 909,682 894,682 884,673 883,673 882,673 881,673 880,673 865,677 859,672 858,672 857,672 823,672 822,672 822,672 821,672 806,684 801,688 695,688 689,685 671,674 670,674 669,674 668,674 667,674 643,683 632,675 631,675 630,675 583,675 582,675 581,675 550,688 544,691 517,691 514,688 498,675 497,675 496,675 476,675 475,675 474,675 473,675 452,690 449,692 431,692 429,690 422,684 421,684 420,684 419,684 418,684 391,691 386,692 384,691 353,679 352,679 302,677 301,677 279,679 278,679 277,679 260,694 214,694 215,716"/>
        <pc:Baseline points="215,716 911,708"/>
        <pc:TextEquiv index="0">
          <pc:Unicode>ge, bis ſie ſanft entſchlief in einem Alter</pc:Unicode>
        </pc:TextEquiv>
      </pc:TextLine>
      <pc:TextLine id="eSc_line_1143c7e4" custom="structure {type:default;}">
        <pc:Coords points="214,769 215,789 239,781 247,787 248,788 249,788 250,788 250,788 251,788 252,788 252,787 253,787 258,780 288,778 296,784 302,789 302,789 303,789 304,789 343,782 362,788 363,788 364,788 364,788 394,779 411,783 412,783 413,783 414,783 423,777 426,775 431,776 443,779 444,779 445,779 477,773 477,762 474,741 423,742 422,742 390,726 389,726 360,726 359,726 358,726 342,732 337,727 337,727 336,727 335,727 334,727 298,729 297,729 296,729 296,730 282,745 274,746 272,746 270,746 234,738 233,738 232,738 213,746 214,769"/>
        <pc:Baseline points="214,769 477,762"/>
        <pc:TextEquiv index="0">
          <pc:Unicode>von 88 Jahren.</pc:Unicode>
        </pc:TextEquiv>
      </pc:TextLine>
      <pc:TextLine id="eSc_line_4f85a15c" custom="structure {type:default;}">
        <pc:Coords points="894,790 889,788 845,783 844,783 795,788 740,775 739,775 739,775 709,782 701,775 700,775 699,775 685,775 684,775 683,775 682,775 662,789 661,789 621,776 620,776 585,776 584,776 583,776 551,789 548,791 512,791 510,789 487,781 486,781 485,781 484,781 483,781 469,789 468,791 445,791 442,790 421,779 420,779 419,779 366,784 348,778 347,778 346,778 345,778 319,790 318,791 317,790 302,779 301,779 300,779 271,779 270,779 270,779 248,791 245,792 237,791 238,826 238,835 301,835 302,836 310,841 311,841 312,841 312,841 313,841 314,841 321,836 360,840 361,840 381,836 390,834 406,836 455,841 456,841 457,841 478,836 489,833 500,836 513,839 514,839 515,839 516,839 520,836 524,832 565,832 571,836 575,840 576,840 577,840 578,840 598,836 605,835 621,836 666,840 667,840 668,840 677,836 683,834 726,836 781,839 781,839 809,836 865,831 894,836 895,821 894,790 894,790"/>
        <pc:Baseline points="238,826 895,821"/>
        <pc:TextEquiv index="0">
          <pc:Unicode>Br. Jos. Waugh von Gracefield, der den</pc:Unicode>
        </pc:TextEquiv>
      </pc:TextLine>
      <pc:TextLine id="eSc_line_8050f553" custom="structure {type:default;}">
        <pc:Coords points="212,880 212,891 242,891 244,891 267,899 268,899 269,899 270,899 270,899 281,891 281,891 338,891 349,899 350,899 351,899 352,899 353,899 354,899 363,892 386,896 387,896 388,896 402,890 404,890 492,890 493,890 506,898 507,898 508,898 509,899 536,899 536,898 572,892 631,897 632,897 633,897 634,897 646,889 669,895 670,895 671,895 672,895 697,889 714,897 715,897 716,898 743,898 743,897 744,897 770,890 787,896 788,896 789,896 879,891 897,896 898,896 899,896 900,896 922,887 922,876 921,849 893,841 892,841 891,841 890,841 889,841 880,848 873,854 845,854 833,847 815,839 814,839 813,839 812,839 798,847 797,847 774,836 773,836 754,836 753,836 752,836 751,836 737,846 722,855 633,855 600,844 594,842 593,842 593,842 592,842 591,842 589,843 571,855 530,855 497,842 492,841 491,841 460,840 459,840 458,840 452,841 416,856 364,856 334,840 332,839 331,839 211,839 212,880"/>
        <pc:Baseline points="212,880 922,876"/>
        <pc:TextEquiv index="0">
          <pc:Unicode>Auftrag erhalten hatte, unſre Geſchwiſter</pc:Unicode>
        </pc:TextEquiv>
      </pc:TextLine>
      <pc:TextLine id="eSc_line_786240a8" custom="structure {type:default;}">
        <pc:Coords points="211,934 211,945 247,949 248,949 249,949 256,945 260,944 298,944 302,945 312,950 312,950 313,950 352,945 370,943 374,945 391,956 392,956 393,956 394,957 418,957 418,956 419,956 449,945 457,942 468,945 490,949 491,949 510,945 538,956 539,956 540,956 541,956 567,944 573,941 583,944 607,950 608,950 609,950 610,950 611,950 622,943 625,942 657,942 658,943 673,955 674,955 675,955 676,955 717,954 718,954 718,954 727,946 740,954 741,954 742,955 790,955 790,954 791,954 791,954 805,942 806,941 810,942 821,945 822,945 822,945 823,945 832,942 840,939 852,942 889,949 890,949 891,949 910,941 910,928 909,895 885,888 884,888 883,888 882,888 861,896 849,901 843,896 831,888 830,888 829,888 812,888 812,888 791,892 790,892 789,892 780,898 765,909 704,909 690,901 673,890 672,890 671,890 644,890 643,890 642,890 620,902 614,905 592,909 583,903 573,897 572,897 572,897 571,897 570,897 569,897 562,904 552,911 529,911 520,904 503,891 502,891 501,891 460,891 459,891 458,891 430,907 422,912 380,912 375,908 353,892 352,892 351,892 325,892 324,892 294,893 293,893 292,893 267,911 266,912 210,912 211,934"/>
        <pc:Baseline points="211,934 910,928"/>
        <pc:TextEquiv index="0">
          <pc:Unicode>in Mourne zu beſuchen, kam zu Ende die⸗</pc:Unicode>
        </pc:TextEquiv>
      </pc:TextLine>
      <pc:TextLine id="eSc_line_08ff952c" custom="structure {type:default;}">
        <pc:Coords points="212,990 212,1008 250,1000 266,1007 267,1007 268,1007 269,1007 292,1001 318,1008 325,1008 326,1008 334,1008 362,1001 369,1007 369,1008 370,1008 371,1008 372,1008 406,1008 406,1008 406,1008 407,1008 408,1007 418,999 456,1007 459,1007 460,1007 461,1007 462,1007 481,998 535,1003 536,1003 537,1003 557,997 651,1005 664,1006 665,1006 666,1006 669,1005 688,1000 725,1005 729,1005 730,1005 731,1005 732,1005 752,997 770,1004 771,1005 772,1005 773,1005 774,1005 775,1005 775,1004 788,996 861,996 877,1004 878,1004 879,1004 880,1004 902,1003 902,985 901,960 875,948 874,948 873,948 872,948 871,948 855,961 848,967 700,967 695,964 676,949 675,949 674,949 673,949 589,950 551,953 550,953 522,967 518,970 479,970 476,968 470,964 469,964 468,964 468,964 406,969 392,970 390,969 365,952 364,952 364,952 363,952 362,952 350,957 328,952 327,952 326,952 292,953 291,953 250,971 230,964 229,964 229,964 228,964 211,971 212,990"/>
        <pc:Baseline points="212,990 902,985"/>
        <pc:TextEquiv index="0">
          <pc:Unicode>ſer Woche von ſeiner Beſuchreiſe zurück.</pc:Unicode>
        </pc:TextEquiv>
      </pc:TextLine>
      <pc:TextLine id="eSc_line_8ff190fc" custom="structure {type:default;}">
        <pc:Coords points="211,1045 211,1066 270,1066 270,1065 271,1065 272,1065 296,1053 338,1060 339,1060 379,1052 535,1056 536,1056 537,1056 556,1051 583,1058 584,1058 687,1051 705,1058 706,1058 707,1058 729,1053 810,1058 811,1058 812,1058 824,1051 837,1058 838,1058 839,1058 884,1057 884,1037 881,1016 846,1016 844,1016 820,999 819,999 818,999 806,999 805,999 790,1000 789,1000 788,1000 770,1016 768,1017 738,1017 736,1016 707,1001 706,1001 673,1001 672,1001 671,1001 670,1001 650,1016 645,1019 591,1019 584,1016 562,1005 562,1005 539,1005 538,1005 537,1005 516,1016 506,1021 494,1021 486,1016 471,1006 470,1006 469,1006 438,1004 437,1004 418,1006 417,1006 416,1006 401,1016 391,1022 348,1022 336,1016 321,1006 320,1006 319,1006 318,1006 236,1008 235,1008 210,1015 211,1045"/>
        <pc:Baseline points="211,1045 884,1037"/>
        <pc:TextEquiv index="0">
          <pc:Unicode>Er hatte in Ballinderry u. Kilwarlin u.</pc:Unicode>
        </pc:TextEquiv>
      </pc:TextLine>
      <pc:TextLine id="eSc_line_31b83206" custom="structure {type:default;}">
        <pc:Coords points="212,1097 213,1114 231,1109 239,1114 240,1114 241,1114 242,1114 243,1114 244,1114 250,1111 269,1113 297,1118 298,1118 299,1118 314,1112 328,1108 344,1111 366,1117 367,1117 394,1111 412,1107 453,1110 470,1111 471,1111 472,1111 473,1111 473,1110 474,1110 478,1106 548,1106 551,1108 555,1111 556,1111 557,1111 558,1111 559,1111 560,1111 565,1108 568,1105 581,1107 603,1111 604,1111 632,1106 645,1104 656,1104 659,1105 668,1113 669,1113 670,1113 671,1114 702,1114 702,1113 703,1113 704,1113 713,1108 742,1112 743,1112 770,1106 780,1112 781,1112 781,1112 782,1112 834,1108 845,1111 846,1111 847,1111 848,1111 849,1111 855,1107 885,1111 885,1111 886,1111 905,1101 905,1090 903,1052 884,1052 883,1052 882,1052 881,1052 872,1060 860,1054 859,1054 858,1054 857,1054 843,1060 835,1054 833,1052 833,1052 832,1052 831,1052 809,1053 808,1053 807,1053 806,1054 787,1069 723,1065 722,1065 721,1065 720,1065 713,1070 632,1070 602,1060 586,1055 585,1055 584,1055 583,1055 583,1055 573,1061 556,1071 531,1062 512,1056 511,1056 510,1056 510,1056 509,1056 498,1063 486,1070 462,1072 436,1072 421,1065 401,1057 400,1057 399,1057 303,1058 302,1058 302,1058 288,1069 285,1071 267,1074 249,1070 241,1069 240,1069 239,1069 236,1070 229,1074 211,1071 212,1097"/>
        <pc:Baseline points="212,1097 905,1090"/>
        <pc:TextEquiv index="0">
          <pc:Unicode>verſchiedene mal in Mourne gepredigt, u.</pc:Unicode>
        </pc:TextEquiv>
      </pc:TextLine>
      <pc:TextLine id="eSc_line_7395be6c" custom="structure {type:default;}">
        <pc:Coords points="211,1150 212,1168 238,1160 294,1160 332,1168 334,1168 335,1168 338,1168 376,1160 400,1165 401,1165 402,1165 403,1165 404,1165 414,1160 482,1160 495,1167 499,1170 500,1170 500,1170 501,1170 502,1170 509,1167 526,1160 542,1167 550,1170 551,1170 552,1171 629,1171 629,1170 630,1170 631,1170 635,1167 639,1163 658,1167 678,1170 679,1170 695,1166 723,1160 753,1160 762,1166 763,1166 764,1166 765,1166 766,1166 779,1163 783,1166 788,1170 789,1170 790,1170 791,1170 809,1166 818,1164 821,1166 825,1170 826,1170 827,1170 828,1170 911,1165 911,1150 910,1111 803,1116 788,1111 782,1111 781,1111 781,1111 780,1111 779,1111 777,1112 759,1127 678,1127 628,1114 612,1111 611,1111 554,1115 551,1116 550,1116 549,1116 532,1127 514,1127 495,1116 486,1111 485,1111 484,1111 483,1111 482,1111 476,1116 462,1126 444,1117 430,1111 429,1111 428,1111 427,1111 427,1111 416,1117 399,1127 369,1127 362,1121 361,1121 360,1121 359,1121 358,1121 357,1121 348,1127 310,1127 291,1119 270,1111 269,1111 268,1111 267,1111 249,1120 236,1126 211,1121 211,1150"/>
        <pc:Baseline points="211,1150 911,1150"/>
        <pc:TextEquiv index="0">
          <pc:Unicode>alle unſre dortigen Geſchwiſter beſucht, u.</pc:Unicode>
        </pc:TextEquiv>
      </pc:TextLine>
      <pc:TextLine id="eSc_line_ac0221ab" custom="structure {type:default;}">
        <pc:Coords points="209,1204 209,1225 278,1218 334,1222 335,1222 336,1222 349,1215 355,1220 356,1220 357,1220 358,1220 359,1220 382,1215 420,1215 431,1221 432,1222 433,1222 434,1222 435,1222 436,1222 437,1222 437,1221 446,1214 455,1218 456,1218 457,1218 530,1214 547,1219 558,1222 559,1222 614,1223 615,1223 616,1223 635,1217 648,1214 664,1216 687,1221 771,1222 772,1222 773,1222 797,1215 802,1213 804,1214 821,1222 822,1222 822,1222 864,1213 865,1213 866,1213 885,1222 886,1222 887,1222 888,1222 913,1212 913,1201 908,1168 886,1183 861,1183 843,1169 842,1167 841,1167 840,1167 810,1167 809,1167 808,1167 803,1169 783,1181 763,1183 724,1183 707,1171 702,1167 701,1167 700,1167 699,1167 682,1171 657,1176 648,1171 644,1168 643,1168 642,1168 622,1168 621,1168 620,1168 619,1168 614,1172 596,1184 582,1184 566,1174 565,1174 564,1174 563,1174 562,1174 562,1174 548,1183 513,1183 500,1173 493,1168 492,1168 491,1168 490,1168 489,1168 489,1168 481,1173 471,1168 470,1168 469,1168 411,1169 410,1169 409,1169 402,1174 385,1184 311,1184 297,1175 288,1169 287,1169 286,1169 266,1169 265,1169 264,1169 249,1175 230,1184 208,1176 209,1204"/>
        <pc:Baseline points="209,1204 913,1201"/>
        <pc:TextEquiv index="0">
          <pc:Unicode>nahm ſeinen Rückweg über Newry, Hamil⸗</pc:Unicode>
        </pc:TextEquiv>
      </pc:TextLine>
      <pc:TextLine id="eSc_line_72e0418c" custom="structure {type:default;}">
        <pc:Coords points="208,1272 339,1269 346,1274 347,1274 348,1274 349,1274 350,1274 351,1274 366,1268 381,1274 390,1277 391,1277 392,1277 410,1274 422,1272 439,1274 467,1277 468,1277 468,1277 474,1274 486,1267 495,1274 496,1275 497,1275 498,1275 499,1275 500,1275 503,1274 518,1268 525,1274 526,1275 527,1275 528,1275 529,1275 534,1274 563,1267 597,1272 598,1272 599,1272 614,1267 627,1273 628,1273 629,1273 630,1273 631,1273 641,1267 670,1267 697,1273 697,1273 698,1273 738,1269 750,1274 751,1275 752,1275 753,1275 901,1274 902,1257 901,1222 892,1217 891,1217 890,1217 889,1217 877,1222 869,1226 864,1222 859,1217 858,1217 857,1217 833,1217 833,1217 832,1217 831,1217 823,1222 821,1224 812,1222 785,1217 784,1217 783,1217 782,1217 776,1222 759,1236 712,1236 693,1223 692,1222 691,1222 690,1222 689,1222 688,1222 687,1223 662,1236 586,1236 562,1223 555,1219 554,1219 500,1219 500,1219 499,1219 490,1224 465,1236 430,1224 421,1220 420,1220 419,1220 418,1220 417,1220 413,1224 393,1237 361,1237 332,1224 327,1222 326,1222 325,1222 324,1222 320,1224 291,1237 263,1235 240,1225 235,1222 234,1222 233,1222 232,1222 227,1225 218,1227 208,1225 208,1261 208,1272"/>
        <pc:Baseline points="208,1261 902,1257"/>
        <pc:TextEquiv index="0">
          <pc:Unicode>tons Bann / woſelbſt er auch eine Predigt</pc:Unicode>
        </pc:TextEquiv>
      </pc:TextLine>
      <pc:TextLine id="eSc_line_da31db0e" custom="structure {type:default;}">
        <pc:Coords points="209,1316 209,1333 261,1331 262,1331 274,1325 281,1329 281,1329 282,1329 283,1329 295,1323 422,1323 430,1330 431,1330 432,1330 433,1330 434,1330 441,1330 477,1321 509,1328 524,1330 525,1330 526,1330 540,1327 558,1322 592,1326 629,1330 630,1330 665,1324 693,1319 704,1323 718,1328 718,1328 719,1328 783,1323 832,1327 833,1327 833,1327 856,1319 864,1318 882,1319 884,1309 882,1287 848,1287 848,1286 818,1270 817,1270 816,1270 815,1270 780,1286 778,1288 710,1288 708,1286 690,1272 689,1272 688,1272 687,1272 687,1272 686,1272 663,1286 659,1288 627,1288 625,1286 606,1273 605,1273 604,1273 604,1273 591,1274 590,1274 589,1274 575,1286 572,1289 545,1289 524,1287 523,1286 505,1274 504,1274 503,1274 502,1274 445,1286 444,1286 442,1286 395,1275 395,1275 317,1276 316,1276 294,1285 285,1279 284,1279 283,1279 226,1278 225,1278 224,1278 208,1284 209,1316"/>
        <pc:Baseline points="209,1316 884,1309"/>
        <pc:TextEquiv index="0">
          <pc:Unicode>hielt / u. Richhill, u. beſuchte an allen</pc:Unicode>
        </pc:TextEquiv>
      </pc:TextLine>
      <pc:TextLine id="eSc_line_25e39b51" custom="structure {type:default;}">
        <pc:Coords points="211,1371 213,1394 233,1382 250,1382 264,1392 265,1392 266,1392 267,1392 356,1381 375,1389 381,1392 382,1392 383,1392 384,1392 392,1389 413,1380 421,1385 422,1385 423,1385 424,1385 425,1385 437,1379 472,1379 486,1385 497,1391 498,1391 499,1391 539,1383 567,1379 574,1382 586,1389 587,1389 588,1389 665,1388 666,1388 697,1379 709,1375 715,1378 720,1381 721,1381 722,1381 723,1381 730,1378 735,1375 738,1377 749,1386 750,1386 750,1386 751,1386 821,1385 822,1385 822,1385 836,1374 838,1372 903,1371 904,1360 900,1337 886,1343 845,1343 838,1338 836,1336 835,1336 834,1336 833,1336 819,1339 791,1343 785,1339 772,1330 771,1330 770,1330 730,1330 729,1330 729,1330 709,1340 708,1340 696,1340 672,1340 671,1340 670,1340 669,1340 669,1341 661,1346 604,1342 569,1340 568,1340 567,1340 566,1340 562,1343 554,1348 510,1344 504,1344 503,1344 502,1344 501,1344 493,1350 440,1350 434,1346 415,1335 414,1335 413,1335 340,1336 339,1336 338,1336 321,1348 316,1351 304,1351 296,1349 270,1337 269,1337 268,1337 224,1338 223,1338 222,1338 210,1347 211,1371"/>
        <pc:Baseline points="211,1371 904,1360"/>
        <pc:TextEquiv index="0">
          <pc:Unicode>dieſen Orten unſre wenigen übrigen</pc:Unicode>
        </pc:TextEquiv>
      </pc:TextLine>
      <pc:TextLine id="eSc_line_42725995" custom="structure {type:default;}">
        <pc:Coords points="816,1399 816,1411 906,1411 906,1399 906,1379 875,1365 875,1365 849,1365 848,1365 847,1365 846,1365 828,1380 816,1380 816,1399"/>
        <pc:Baseline points="816,1399 906,1399"/>
        <pc:TextEquiv index="0">
          <pc:Unicode>Brü⸗</pc:Unicode>
        </pc:TextEquiv>
      </pc:TextLine>
    </pc:TextRegion>
  </pc:Page>
</pc:PcGts>
