1000 1642
194 87 276 153 316.
315 88 938 175 Jubil. des Einzugs der led. Schwn.
249 175 906 234 bey welchem auch die Anſtalts⸗ und die
245 236 937 293 im Ort wohnenden Schweſtern zugegen
243 286 928 343 waren, das Abends gehaltene Pedila⸗
241 344 926 405 vium für alle Haus⸗Einwohnerin̅en, und
244 400 924 464 beſonders die gleich darauf folgende Ein⸗
244 452 926 519 weihung des Schlafſaals mit einem durch⸗
244 509 927 575 dringenden geſalbten Gebet des ſel. Gra⸗
244 569 906 632 fen waren ausgezeichnete u. mit Herz⸗
244 623 928 684 ein̅ehmendem Gefühl der Gegenwart des
242 675 927 738 Hlds begleitete Segensſtunden, die mit tie⸗
241 731 905 793 fer Beugung u. Angethanheit genoſſen
242 784 924 844 wurden, u. den Einwohnerin̅en des Hauſes,
244 838 905 906 ja dem ganzen Chor, neue Gnade für die
242 892 607 956 Zukunft verſprachen.
280 942 923 1009 Nun nach Verlauf von 50 Jahren kön⸗
239 1003 924 1065 nen wir mit frohem u. dankvollem Her⸗
242 1056 921 1121 zen bezeugen, daß dieſe Hofnung ſowol,
239 1109 923 1172 als auch folgende merkwürdige Worte, die
238 1168 898 1233 der ſel. Graf bey der Einweihung ausge⸗
239 1224 915 1283 ſprochen, reichlich eingetroffen ſind: ”Mit
237 1275 895 1336 dieſem Hauſe hat der Hld ein groſſes
238 1331 918 1398 Geſchäfte vor, u. wen̅ der Rath, den er, wie
871 1368 901 1431 ich
