1000 1641
257 106 576 170 vom Jahr 1805.
719 109 802 163 389.
52 167 750 248 Perſon der Sache annahm, einige Genug⸗
49 228 730 300 thuung. Am 5t Dec. wurde das von
52 283 742 350 der Regierung an dieſem Tage ange⸗
53 337 750 402 ſezte Dankfeſt für den auf der Höhe von
52 392 739 460 Trafalgar erfochtenen Sieg mit einer
57 443 747 516 Predigt, wobey einige muſicaliſche Stü⸗
55 502 751 570 ke geſungen wurden, gefeyert. Abends
58 548 761 623 in der Gemeinſtunde dankten wir dem Hld
53 607 740 674 im Staube für die Segen u. die Gnaden⸗
57 661 756 732 wohlthaten, die wir in hieſigen Landen ge⸗
56 713 770 786 nießen, u. baten ihn, daß er uns dieſelben
62 765 756 843 ferner erhalten wolle. Wir haben Ur⸗
61 820 763 899 ſach zu glauben, daß der Geiſt des Mißver⸗
63 874 770 950 gnügens, der ſich ehemals unter alle Volks
62 928 781 1004 Claßen im nördlichen Jrland ausgebreitet
62 988 745 1062 hatte, gegenwärtig beynahe gänzlich ge⸗
62 1039 741 1108 dämpft iſt, u. daß nur hie u. da einzelne
63 1089 767 1164 Perſonen, die an den Folgen ihrer ſchlecht
64 1146 766 1215 angelegten Projecte zu leiden haben, auf
66 1198 748 1272 ohnmächtige Rache ſinnen. D. 19t Dec.
68 1253 749 1329 hatten die Zöglinge in unſrer Knaben⸗
66 1305 767 1384 Anſtalt ihr erſtes Examen, wobey man
699 1352 738 1410 ſich
