1000 1640
65 116 719 188 Schreiben von Br. Kluge, April 1806.
735 121 805 183 137.
53 196 747 262 Errettung unſers armen Joſua beytragen kön̅ten,
50 251 749 315 oder ihm doch, wo möglich, noch einmal zuzuſprechen,
51 303 747 365 ſollten wir auch darüber leiden müſſen. Weil
51 355 749 420 wir nun meine Frau u Kinder in dieſer angſt⸗
51 411 752 477 vollen Lage nicht allein laſſen kon̅ten, ſo fand ſich
53 470 744 525 Br. Luckenbach angeregt, allein zu gehen, mit
55 517 775 585 dem Vorſatz, unterwegs einen Trader /: Handelsman̅ :/
60 575 748 642 aufzuſuchen, der mit ihm ginge. Er ritt alſo den
61 629 746 694 18ten früh von hier getroſt ab. Kaum aber hatte
59 684 752 745 er den ſelben Weg zurückgelegt, als er einem
60 737 767 799 Jndianer begegnete, der ihm die ſchreckliche Nachricht
64 791 752 856 gab, daß Joſua ſchon den Tag vorher ein Opfer
65 847 754 909 ihrer Grauſamkeit geworden war. Sie hatten ihn
63 895 752 958 ebenfalls mit dem Beil in den Kopf gehackt, u
68 950 758 1008 alsdan̅ verbran̅t. Mit dieſer ſchrecklichen Nachricht
68 1000 775 1063 kam Br. Luckenbach Nachmittags wieder hier an.
66 1057 773 1120 Das war der härteſte Schlag, der uns je hätte treffen
71 1110 755 1171 kön̅en. Angſt u Schrecken durchging alle unſre
72 1161 783 1224 Glieder, u wir kon̅ten vor Entſetzen nichts denken;
72 1215 773 1279 Seufzen u Weinen war jetzt unſre Sache. Nachdem
77 1268 781 1331 wir wieder ein wenig zum Beſin̅en gekom̅en,
82 1320 787 1385 war unſer erſter Gedanke, alles zu verkaufen,
723 1377 752 1433 u
