<?xml version="1.0" encoding="utf-8"?>
<pc:PcGts xmlns:pc="http://schema.primaresearch.org/PAGE/gts/pagecontent/2019-07-15" xmlns:xsi="http://www.w3.org/2001/XMLSchema-instance" xsi:schemaLocation="http://schema.primaresearch.org/PAGE/gts/pagecontent/2019-07-15 http://schema.primaresearch.org/PAGE/gts/pagecontent/2019-07-15/pagecontent.xsd" pcGtsId="GT-OCR-GN_1806_1__GN.A.351__242_66800">
  <pc:Metadata externalRef="https://images.iiif.slub-dresden.de/iiif/2/data%2Fkitodo%2FNachaudeB_1745047107_1806_1%2FNachaudeB_1745047107_1806_1_tif%2Fjpegs%2F00000243.tif.medium.jpg/full/full/0/default.jpg">
    <pc:Creator>escriptorium</pc:Creator>
    <pc:Created>2024-01-26T14:55:58.014113Z</pc:Created>
    <pc:LastChange>2024-01-26T14:55:58.014126Z</pc:LastChange>
    <pc:MetadataItem type="processingStep" name="recognition/post-correction" value="ocrd-cor-asv-ann-join">
      <pc:Labels externalModel="ocrd-tool" externalId="parameters">
        <pc:Label value="False" type="add-filegrp-comments"/>
      </pc:Labels>
      <pc:Labels externalModel="ocrd-tool" externalId="version">
        <pc:Label value="0.1.14" type="ocrd-cor-asv-ann-join"/>
        <pc:Label value="2.60.2.dev0+gac1f15b3.d20240125" type="ocrd/core"/>
      </pc:Labels>
    </pc:MetadataItem>
  </pc:Metadata>
  <pc:Page imageFilename="242_66800_default.jpg" imageWidth="1000" imageHeight="1640">
    <pc:TextRegion id="eSc_textblock_18568d2f" custom="structure {type:text;}">
      <pc:Coords points="730,112 777,123 777,163 741,185 726,258 744,550 737,727 752,830 726,1121 748,1177 748,1314 719,1358 658,1373 284,1373 221,1383 61,1373 47,1340 29,644 32,215 40,196 82,189 113,127 131,120 442,112"/>
      <pc:TextLine id="eSc_line_b0d7aaad" custom="structure {type:default;}">
        <pc:Coords points="478,112 465,112 451,112 447,112 432,116 410,112 410,112 396,112 383,112 363,121 331,113 328,114 314,114 300,114 299,114 277,121 270,116 259,116 251,116 232,124 209,117 205,117 191,117 180,117 168,121 150,118 150,118 136,118 123,121 110,129 112,164 112,172 365,176 366,176 367,176 406,166 418,164 429,166 467,173 469,173 623,161 623,150 619,116 496,117 484,112 478,112"/>
        <pc:Baseline points="113,165 625,151"/>
        <pc:TextEquiv index="0">
          <pc:Unicode>d. d. Ebersdorf. Oct. 1806.</pc:Unicode>
        </pc:TextEquiv>
      </pc:TextLine>
      <pc:TextLine id="eSc_line_e4b1d050">
        <pc:Coords points="752,117 683,117 685,148 685,161 767,162 768,146 764,120 752,117"/>
        <pc:Baseline points="686,149 769,147"/>
        <pc:TextEquiv index="0">
          <pc:Unicode>239.</pc:Unicode>
        </pc:TextEquiv>
      </pc:TextLine>
      <pc:TextLine id="eSc_line_12bfdc6e" custom="structure {type:default;}">
        <pc:Coords points="40,238 40,260 75,253 87,259 88,259 89,260 129,260 129,259 130,259 134,257 160,244 198,244 216,254 216,254 217,254 218,254 219,254 246,248 267,252 273,253 274,253 275,253 276,253 278,252 291,244 318,244 331,249 346,255 347,255 348,255 349,255 362,248 373,243 412,246 413,246 414,246 429,239 436,245 445,253 446,253 447,253 448,253 515,252 540,251 541,251 542,251 557,240 563,236 583,239 594,240 595,240 629,237 647,235 649,236 663,243 664,243 665,243 720,233 720,224 717,204 651,205 649,204 622,190 621,190 620,190 619,190 618,190 599,204 596,206 577,206 574,204 549,193 548,193 547,193 519,199 504,189 503,189 502,189 467,189 466,189 453,190 452,190 451,190 434,204 381,191 380,191 379,191 353,205 343,211 297,211 286,205 264,194 263,194 262,194 193,194 192,194 191,194 177,206 167,215 139,215 123,206 111,201 110,201 109,201 108,201 107,201 99,206 84,215 38,207 40,238"/>
        <pc:Baseline points="40,238 262,231 720,224"/>
        <pc:TextEquiv index="0">
          <pc:Unicode>fertigen Waaren, die 〚Leipzig〛 eben von</pc:Unicode>
        </pc:TextEquiv>
      </pc:TextLine>
      <pc:TextLine id="eSc_line_8a8cac09" custom="structure {type:default;}">
        <pc:Coords points="29,292 30,303 33,301 36,303 56,316 57,316 58,316 59,316 126,315 127,315 128,315 143,302 152,301 160,300 162,301 180,312 181,312 182,312 183,312 184,312 185,312 196,301 206,307 206,307 207,307 208,307 209,307 225,303 235,307 236,307 237,307 237,307 238,307 238,307 246,300 254,299 273,297 280,299 292,302 293,302 294,302 349,300 371,309 371,309 372,309 373,309 405,301 415,310 416,310 417,310 418,311 441,311 441,310 463,309 463,309 480,300 485,303 486,303 487,303 488,303 489,303 501,296 505,293 577,293 581,295 592,300 593,300 594,300 595,300 596,300 604,294 606,292 633,292 639,293 663,300 664,300 665,300 666,300 667,300 677,293 677,282 674,257 649,261 643,257 638,253 637,253 636,253 635,253 634,253 623,258 614,262 598,258 585,256 584,256 568,259 551,263 546,259 536,252 536,252 535,252 516,252 515,252 515,252 490,260 481,264 474,261 471,259 470,259 469,259 468,259 463,261 453,264 445,261 428,256 427,256 426,256 425,256 409,262 401,265 393,262 371,255 371,255 347,255 346,255 345,255 344,255 334,264 330,266 277,266 270,265 249,256 248,256 247,256 218,262 204,256 203,256 202,256 145,266 132,269 128,267 124,265 123,265 123,265 122,265 121,265 111,267 108,268 106,267 86,258 85,258 84,258 46,260 45,260 28,267 29,292"/>
        <pc:Baseline points="29,292 677,282"/>
        <pc:TextEquiv index="0">
          <pc:Unicode>Leipzig retour unterwegens waren,</pc:Unicode>
        </pc:TextEquiv>
      </pc:TextLine>
      <pc:TextLine id="eSc_line_0d945dad" custom="structure {type:default;}">
        <pc:Coords points="36,351 36,361 53,368 54,368 55,368 56,368 57,368 66,361 68,359 95,359 97,360 106,368 107,368 108,368 109,368 110,368 138,359 144,358 144,359 159,371 160,371 161,371 162,372 179,372 179,371 180,371 206,358 210,357 227,357 238,358 261,362 262,362 304,357 324,355 331,357 369,368 370,368 371,368 405,367 406,367 435,355 441,353 489,353 490,354 501,359 502,359 503,359 504,359 517,354 522,352 526,354 560,364 561,364 562,364 606,363 607,363 608,363 618,355 670,361 670,361 671,361 707,350 707,338 704,303 650,312 637,311 629,305 619,297 618,297 618,297 617,297 589,297 588,297 587,297 577,307 567,314 464,317 430,317 420,310 404,301 403,301 402,301 402,301 401,301 369,309 360,302 360,302 359,302 358,302 274,303 273,303 272,303 267,307 252,304 251,304 250,304 249,304 248,304 237,313 213,305 212,305 178,305 177,305 142,310 141,310 140,310 126,319 120,322 69,321 69,320 63,316 62,316 61,316 61,316 35,321 36,351"/>
        <pc:Baseline points="36,351 707,338"/>
        <pc:TextEquiv index="0">
          <pc:Unicode>eingebüßt. Unſer Gemein⸗Logis iſt</pc:Unicode>
        </pc:TextEquiv>
      </pc:TextLine>
      <pc:TextLine id="eSc_line_41431ea5" custom="structure {type:default;}">
        <pc:Coords points="36,406 37,430 61,420 76,426 77,426 78,426 79,426 103,412 136,417 137,417 138,417 149,411 171,428 172,428 173,428 174,428 207,427 208,427 209,427 237,411 250,420 251,420 252,420 253,420 254,420 255,420 264,412 278,419 279,419 280,419 281,419 282,419 290,413 338,415 339,415 383,408 402,413 402,413 403,413 404,413 418,406 502,406 518,411 519,411 520,411 521,411 536,405 558,412 559,412 560,412 561,412 572,409 584,418 587,420 587,420 588,420 589,420 685,419 686,419 687,419 691,415 698,411 719,414 720,393 718,354 679,354 678,354 677,354 673,355 659,362 652,356 651,355 650,355 649,355 649,355 608,356 607,356 600,358 565,374 524,374 505,362 499,358 498,358 497,358 470,358 469,358 468,358 453,365 429,376 405,377 353,377 329,369 317,367 316,367 315,367 314,367 300,370 280,377 268,372 249,365 248,365 247,365 247,365 231,374 226,376 224,374 202,362 201,362 200,362 199,362 168,376 165,378 163,377 137,364 136,364 120,364 119,364 118,364 117,364 99,379 97,381 35,381 36,406"/>
        <pc:Baseline points="36,406 315,398 720,393"/>
        <pc:TextEquiv index="0">
          <pc:Unicode>ſtark mitgenom̅en worden. Das häufi⸗</pc:Unicode>
        </pc:TextEquiv>
      </pc:TextLine>
      <pc:TextLine id="eSc_line_9b0e6b31" custom="structure {type:default;}">
        <pc:Coords points="713,409 695,408 694,408 693,408 692,408 691,409 679,416 664,410 663,410 662,410 661,410 660,410 648,421 608,426 561,413 560,413 559,413 558,413 532,421 521,414 520,414 519,414 518,414 517,414 516,414 504,424 471,415 470,415 469,415 406,412 405,412 404,412 403,412 403,413 399,417 391,423 382,418 376,413 375,413 374,413 350,413 350,413 349,413 338,419 315,431 294,432 276,432 264,422 263,422 262,422 261,422 260,422 239,433 175,433 163,424 154,417 154,417 153,417 152,417 118,418 117,418 116,418 104,425 88,435 47,433 40,427 40,460 41,482 92,470 153,478 154,478 196,468 229,476 244,480 245,480 246,480 247,480 247,480 253,475 264,468 290,474 309,478 309,478 310,478 323,473 340,466 370,471 379,472 380,472 381,472 385,471 394,467 410,470 421,471 422,471 422,471 432,469 443,466 451,469 470,475 471,475 472,475 534,474 535,474 559,468 609,473 610,473 623,472 624,472 625,472 638,461 640,460 714,459 715,448 713,409"/>
        <pc:Baseline points="40,460 715,448"/>
        <pc:TextEquiv index="0">
          <pc:Unicode>ge Botengehen, die Unterhaltung der</pc:Unicode>
        </pc:TextEquiv>
      </pc:TextLine>
      <pc:TextLine id="eSc_line_dd187a10" custom="structure {type:default;}">
        <pc:Coords points="33,521 33,536 66,532 74,536 86,543 87,543 88,543 158,542 159,542 160,542 170,533 179,527 207,533 229,536 230,536 231,536 232,536 238,532 246,526 257,531 267,535 268,535 268,535 269,535 285,530 297,526 304,530 317,535 318,535 319,535 319,535 332,529 342,523 369,528 395,532 396,532 397,532 415,526 430,522 443,525 472,535 473,535 474,535 500,534 501,534 529,522 533,522 544,522 575,525 576,525 610,521 628,518 632,520 643,525 644,525 645,525 687,520 699,526 700,526 701,526 701,526 721,517 721,507 719,474 702,471 701,471 701,471 690,475 679,480 670,475 666,473 665,473 664,473 663,473 662,473 659,476 652,480 645,477 644,477 643,477 642,477 615,488 589,488 568,479 567,478 566,478 565,478 564,478 563,478 562,479 551,487 540,480 531,473 530,473 529,473 516,473 515,473 515,473 514,473 502,481 489,488 470,481 468,481 467,481 466,481 465,481 464,481 464,482 456,489 444,482 429,475 428,475 427,475 400,479 399,479 398,479 391,484 381,491 355,488 354,488 353,488 338,494 251,495 238,489 218,480 217,480 207,480 206,480 206,480 205,480 192,491 186,494 182,491 180,490 179,490 178,490 177,490 176,490 173,492 167,494 163,492 152,484 151,484 150,484 149,484 148,484 129,492 115,482 114,482 113,482 75,482 74,482 73,482 32,495 33,521"/>
        <pc:Baseline points="33,521 416,511 721,507"/>
        <pc:TextEquiv index="0">
          <pc:Unicode>Salve⸗gardes, pp. macht noch im̅er viele</pc:Unicode>
        </pc:TextEquiv>
      </pc:TextLine>
      <pc:TextLine id="eSc_line_37d2d1e9" custom="structure {type:default;}">
        <pc:Coords points="37,579 37,592 103,588 144,592 159,593 160,593 161,593 162,593 163,592 170,587 203,591 214,592 215,592 216,592 218,591 228,585 244,590 257,594 257,594 258,594 303,594 304,594 305,594 310,590 317,585 349,584 357,589 358,589 359,589 360,589 360,589 361,589 374,583 393,588 405,592 406,592 407,592 478,590 479,590 485,587 501,579 546,579 596,580 606,585 608,587 609,587 610,587 677,586 678,586 679,586 679,585 680,584 687,579 731,584 731,565 730,543 710,543 710,542 685,525 684,525 683,525 682,525 681,525 632,542 625,544 573,544 567,541 553,532 552,532 551,532 550,532 549,532 520,541 501,547 484,547 472,541 461,534 460,534 459,534 458,534 444,540 433,545 425,540 413,533 412,533 412,533 411,533 410,533 395,540 379,549 350,549 332,540 318,532 317,532 316,532 269,533 268,533 254,539 238,546 226,539 219,534 218,534 217,534 203,534 202,534 201,534 193,539 173,550 140,553 124,543 123,543 123,543 122,543 121,543 120,543 110,550 88,538 86,537 85,537 84,537 35,537 37,579"/>
        <pc:Baseline points="37,579 731,565"/>
        <pc:TextEquiv index="0">
          <pc:Unicode>Störung u. Koſten. Doch, wen̅ wir hören,</pc:Unicode>
        </pc:TextEquiv>
      </pc:TextLine>
      <pc:TextLine id="eSc_line_a8a4d2b4" custom="structure {type:default;}">
        <pc:Coords points="39,634 39,645 60,644 67,646 78,651 79,651 80,651 81,651 90,646 97,643 108,646 118,649 119,649 120,649 121,649 134,645 146,643 164,645 181,648 182,648 183,648 192,645 203,642 296,645 371,646 371,646 372,646 373,646 377,644 387,637 404,644 411,645 412,645 412,645 474,645 474,645 475,645 477,643 486,635 499,643 500,643 501,643 502,643 503,643 505,643 527,635 563,639 564,639 590,634 614,638 615,638 700,635 727,640 729,624 727,591 692,584 691,584 690,584 690,584 676,593 665,600 648,600 633,594 625,591 624,591 623,591 622,591 611,594 593,601 581,595 565,587 564,587 563,587 515,593 504,588 503,588 502,588 442,589 441,589 420,600 417,602 384,604 380,601 365,591 364,591 363,591 362,591 361,591 339,597 308,593 307,593 306,593 305,593 292,604 291,604 290,604 236,593 235,593 234,593 210,605 205,609 38,610 39,634"/>
        <pc:Baseline points="39,634 573,623 729,624"/>
        <pc:TextEquiv index="0">
          <pc:Unicode>wie es anderwärts, auch in den umlie⸗</pc:Unicode>
        </pc:TextEquiv>
      </pc:TextLine>
      <pc:TextLine id="eSc_line_e69a3d48" custom="structure {type:default;}">
        <pc:Coords points="44,684 44,705 115,693 194,694 206,700 212,703 213,703 214,704 232,704 232,703 233,703 234,703 239,699 252,691 341,692 347,696 355,701 356,701 357,701 358,701 429,700 430,700 431,700 438,694 449,700 450,700 451,700 497,699 498,699 499,699 514,691 518,687 523,690 526,693 527,693 528,693 583,694 584,694 723,684 723,675 721,647 694,644 693,644 692,644 691,644 687,647 680,654 660,654 628,650 627,648 612,639 611,639 610,639 596,639 595,639 594,639 593,639 586,645 577,638 576,638 575,638 519,637 518,637 504,638 503,638 502,638 485,651 482,654 468,651 451,648 450,648 449,648 448,648 448,649 444,652 442,655 437,652 414,639 413,639 412,639 345,640 344,640 343,640 322,654 316,658 276,658 269,655 249,641 248,641 247,641 247,641 206,642 206,642 205,642 183,656 176,660 43,659 44,684"/>
        <pc:Baseline points="44,684 723,675"/>
        <pc:TextEquiv index="0">
          <pc:Unicode>genden Orten ausſieht; ſo finden wir</pc:Unicode>
        </pc:TextEquiv>
      </pc:TextLine>
      <pc:TextLine id="eSc_line_7bc105ba" custom="structure {type:default;}">
        <pc:Coords points="43,740 44,757 59,750 91,750 103,756 107,758 108,758 109,758 110,758 115,756 129,749 148,754 149,754 150,754 151,754 152,754 157,749 185,749 192,755 194,757 195,757 195,757 196,757 197,757 205,755 226,749 235,755 237,757 238,757 239,757 240,757 241,757 250,754 256,753 257,754 266,760 267,760 268,760 268,760 396,758 397,758 417,752 433,748 460,752 474,754 474,754 475,754 481,752 492,748 503,751 515,756 516,756 517,756 518,756 536,751 542,757 543,757 544,757 545,757 546,757 546,757 555,751 560,748 599,749 600,749 601,749 602,749 608,744 630,750 639,752 640,752 641,752 642,752 651,749 675,743 721,748 723,732 722,708 694,694 693,694 692,694 691,694 690,694 681,700 650,698 649,698 649,698 648,698 636,708 609,695 608,695 608,695 607,695 585,707 580,704 579,704 578,704 577,704 525,709 505,696 504,696 503,696 502,696 501,696 478,705 448,697 447,697 446,697 445,697 406,711 406,712 402,712 377,712 361,704 360,704 360,704 359,704 358,704 347,711 332,698 331,698 330,698 329,698 302,703 272,698 271,698 238,706 213,699 212,699 211,699 210,699 209,699 190,714 189,715 152,715 152,714 134,700 133,700 132,700 119,700 118,700 117,700 116,700 92,715 92,716 42,716 43,740"/>
        <pc:Baseline points="43,740 390,739 723,732"/>
        <pc:TextEquiv index="0">
          <pc:Unicode>weit mehr Urſach zu danken, als zu kla⸗</pc:Unicode>
        </pc:TextEquiv>
      </pc:TextLine>
      <pc:TextLine id="eSc_line_5771ca09" custom="structure {type:default;}">
        <pc:Coords points="47,819 62,819 62,818 63,818 64,818 81,804 125,804 140,810 141,810 142,810 143,810 159,804 177,814 181,816 182,816 183,817 248,817 248,816 249,816 250,816 257,811 270,802 281,807 282,807 283,807 284,807 285,807 292,802 333,807 334,807 335,807 336,807 342,802 372,808 375,808 376,808 415,806 502,802 504,803 515,811 515,811 516,811 517,812 555,812 555,811 556,811 556,811 567,804 642,806 643,806 644,806 645,806 656,799 659,797 662,798 680,804 680,804 681,804 721,796 721,787 719,753 707,752 706,752 705,752 704,752 704,753 687,766 651,766 639,758 638,758 637,758 636,758 635,758 625,764 612,755 611,755 610,755 609,755 608,755 595,759 569,755 565,754 564,754 563,754 562,754 561,755 544,765 521,758 520,758 519,758 518,758 517,758 503,768 449,769 394,769 380,761 379,761 378,761 377,761 376,761 370,766 356,758 355,757 354,757 353,757 352,757 347,758 326,762 307,758 303,758 302,758 301,758 300,758 291,764 283,758 282,758 281,758 248,758 247,758 247,758 246,758 230,765 221,759 221,758 220,758 219,758 181,758 180,758 164,759 163,759 162,759 144,771 122,767 121,767 120,767 97,774 68,774 48,761 47,796 47,819"/>
        <pc:Baseline points="47,796 721,787"/>
        <pc:TextEquiv index="0">
          <pc:Unicode>gen. Bis jezt haben wir noch Brod u.</pc:Unicode>
        </pc:TextEquiv>
      </pc:TextLine>
      <pc:TextLine id="eSc_line_7db3bc8f" custom="structure {type:default;}">
        <pc:Coords points="42,848 41,859 82,877 83,877 84,878 127,878 127,877 128,877 166,862 205,877 206,877 207,878 276,878 276,877 277,877 279,877 303,861 305,861 347,861 362,876 362,877 363,877 365,877 366,877 410,876 411,876 437,863 481,877 482,877 484,877 485,877 511,863 514,861 517,863 522,869 523,869 525,869 526,869 528,869 529,869 537,863 541,861 638,861 642,865 655,876 655,877 656,877 658,877 659,877 660,877 689,865 699,861 751,865 753,850 753,818 718,803 716,803 671,803 670,803 668,803 647,813 625,803 623,803 593,803 592,803 590,803 589,803 589,804 581,811 567,803 566,803 564,803 563,803 562,803 536,813 514,804 512,804 511,804 510,804 467,818 467,820 419,820 419,818 385,807 384,807 383,807 381,807 361,818 344,804 343,804 341,804 340,804 339,804 303,818 281,803 280,803 279,803 277,803 276,803 233,818 232,820 157,820 155,818 138,803 136,803 135,803 134,803 132,803 131,803 131,804 120,813 71,803 69,803 68,803 42,815 42,848"/>
        <pc:Baseline points="43,849 755,851"/>
        <pc:TextEquiv index="0">
          <pc:Unicode>Fleiſch, auch Gartengemüſe u. Kartoffeln,</pc:Unicode>
        </pc:TextEquiv>
      </pc:TextLine>
      <pc:TextLine id="eSc_line_25c2fae0" custom="structure {type:default;}">
        <pc:Coords points="49,907 49,924 98,933 99,933 134,925 165,932 166,932 230,932 230,932 231,932 255,925 309,930 310,930 360,921 373,929 374,929 375,929 376,930 400,930 400,929 401,929 418,920 471,928 472,928 473,928 494,919 548,922 549,922 592,917 652,925 653,925 714,914 714,897 711,864 691,874 660,874 645,866 638,861 637,861 615,859 614,859 581,863 535,860 534,860 533,860 532,860 532,861 527,864 495,861 494,861 494,861 493,861 483,869 474,876 460,872 459,872 458,872 432,877 417,871 402,864 401,864 400,864 399,864 398,864 389,871 379,879 321,879 314,873 302,863 301,863 300,863 289,863 288,863 288,863 287,863 271,874 266,878 226,881 192,881 185,876 179,871 178,871 177,871 148,866 147,866 146,866 145,866 138,871 132,868 131,868 130,868 129,868 128,868 113,878 104,882 97,878 80,867 79,867 78,867 64,867 63,867 62,867 61,867 47,876 49,907"/>
        <pc:Baseline points="49,907 714,897"/>
        <pc:TextEquiv index="0">
          <pc:Unicode>die heuer gut gerathen ſind. Wie es</pc:Unicode>
        </pc:TextEquiv>
      </pc:TextLine>
      <pc:TextLine id="eSc_line_c8611b67" custom="structure {type:default;}">
        <pc:Coords points="48,961 48,973 151,973 166,985 167,985 168,985 169,986 205,986 205,985 279,974 330,984 331,984 332,984 383,972 412,972 424,980 425,980 426,980 473,984 474,984 474,984 475,984 495,970 512,970 534,970 557,982 558,982 608,983 609,983 610,983 632,975 640,982 641,982 642,982 643,983 662,983 662,982 663,982 664,982 680,969 681,969 721,969 722,955 721,929 656,919 655,919 654,919 631,924 614,918 613,918 612,918 611,918 576,927 565,919 564,919 563,919 562,919 520,925 484,920 484,920 483,920 482,920 466,931 463,931 417,922 416,922 415,922 414,922 402,931 402,932 383,932 381,932 360,921 359,921 336,921 335,921 334,921 333,921 318,932 317,932 298,932 298,932 272,921 271,921 270,921 269,921 232,932 231,932 229,932 200,922 199,922 198,922 197,922 196,922 182,932 162,932 151,933 149,933 125,922 124,922 123,922 123,922 122,922 108,933 107,934 47,934 48,961"/>
        <pc:Baseline points="48,961 722,955"/>
        <pc:TextEquiv index="0">
          <pc:Unicode>weiter hier den Winter hindurch gehen</pc:Unicode>
        </pc:TextEquiv>
      </pc:TextLine>
      <pc:TextLine id="eSc_line_46e99fde" custom="structure {type:default;}">
        <pc:Coords points="51,1019 51,1026 113,1034 113,1034 138,1033 139,1033 140,1033 148,1026 168,1030 169,1030 199,1025 204,1025 205,1025 213,1030 214,1030 215,1030 216,1030 229,1025 230,1025 231,1025 247,1032 247,1032 248,1032 279,1025 284,1025 291,1025 339,1031 340,1031 340,1031 341,1031 351,1025 353,1024 362,1025 399,1030 400,1030 438,1025 466,1029 467,1029 468,1029 469,1029 469,1028 474,1024 475,1023 478,1024 490,1029 491,1029 492,1029 493,1029 506,1024 508,1023 510,1024 517,1028 518,1028 519,1028 520,1028 551,1024 568,1021 603,1021 607,1023 611,1027 612,1027 613,1027 614,1027 714,1022 715,1011 712,979 678,985 669,980 668,979 667,979 666,979 625,976 624,976 623,976 622,976 615,982 601,990 585,990 569,983 557,977 556,977 556,977 555,977 538,984 537,984 529,977 528,977 527,977 507,977 506,977 505,977 505,977 494,984 484,992 446,992 438,986 432,983 432,983 431,983 430,983 429,983 419,986 405,993 378,993 372,988 368,984 367,984 366,984 365,984 316,989 296,980 295,980 294,980 206,981 205,981 204,981 189,993 189,994 50,996 51,1019"/>
        <pc:Baseline points="51,1019 715,1011"/>
        <pc:TextEquiv index="0">
          <pc:Unicode>wird, müſſen wir erwarten. Alles</pc:Unicode>
        </pc:TextEquiv>
      </pc:TextLine>
      <pc:TextLine id="eSc_line_8387490a" custom="structure {type:default;}">
        <pc:Coords points="51,1071 53,1090 60,1086 72,1089 77,1091 78,1091 79,1091 80,1091 83,1089 95,1083 106,1089 109,1091 110,1091 111,1091 112,1091 113,1091 117,1089 123,1086 127,1089 134,1095 135,1095 136,1095 137,1095 279,1094 280,1094 281,1094 293,1086 301,1081 325,1086 330,1086 331,1086 332,1086 336,1086 352,1079 431,1079 443,1084 451,1087 452,1087 453,1087 453,1087 454,1087 460,1084 468,1078 499,1079 504,1083 511,1088 512,1088 513,1088 514,1088 515,1088 528,1083 534,1080 536,1082 544,1088 545,1088 546,1088 546,1088 547,1088 563,1082 570,1079 579,1082 587,1084 588,1084 589,1084 590,1084 591,1084 594,1082 598,1077 608,1081 628,1090 629,1090 630,1090 659,1089 660,1089 679,1080 686,1076 712,1079 714,1064 712,1026 690,1026 690,1026 689,1026 688,1026 674,1035 661,1027 659,1026 659,1026 658,1026 657,1026 656,1026 655,1026 653,1028 628,1043 603,1043 584,1032 583,1032 582,1032 581,1032 580,1032 569,1040 550,1037 549,1037 518,1043 504,1033 496,1028 495,1028 494,1028 465,1028 464,1028 463,1028 463,1028 455,1035 448,1041 429,1045 384,1045 371,1037 357,1032 356,1032 325,1030 324,1030 323,1030 308,1036 301,1031 300,1031 299,1031 251,1031 250,1031 249,1031 226,1043 220,1045 216,1043 193,1032 192,1032 171,1032 170,1032 169,1032 168,1032 153,1045 151,1047 51,1048 51,1071"/>
        <pc:Baseline points="51,1071 714,1064"/>
        <pc:TextEquiv index="0">
          <pc:Unicode>wird ſehr theuer werden, manches</pc:Unicode>
        </pc:TextEquiv>
      </pc:TextLine>
      <pc:TextLine id="eSc_line_84c4f2f3" custom="structure {type:default;}">
        <pc:Coords points="51,1127 53,1146 57,1141 78,1143 79,1143 80,1143 81,1143 88,1138 116,1142 117,1142 118,1142 119,1142 130,1135 141,1142 147,1147 148,1147 149,1147 150,1147 200,1140 202,1140 203,1140 236,1146 237,1146 237,1146 254,1138 263,1134 285,1137 298,1138 298,1138 299,1138 304,1136 309,1133 311,1136 314,1137 314,1138 315,1138 316,1138 317,1138 318,1138 331,1135 340,1133 341,1135 351,1144 351,1145 352,1145 353,1145 354,1145 388,1144 389,1144 390,1144 404,1132 445,1130 445,1122 443,1102 416,1096 415,1096 414,1096 404,1100 402,1102 401,1100 388,1089 388,1088 387,1088 386,1088 385,1088 359,1089 358,1089 357,1089 342,1099 336,1103 306,1101 303,1098 294,1090 294,1089 293,1089 292,1089 291,1089 271,1090 270,1090 269,1090 269,1091 263,1097 261,1099 257,1096 242,1090 241,1090 206,1090 206,1090 205,1090 204,1090 198,1096 190,1103 100,1106 85,1093 85,1092 84,1092 83,1092 50,1092 51,1127"/>
        <pc:Baseline points="51,1127 445,1122"/>
        <pc:TextEquiv index="0">
          <pc:Unicode>kaum zu haben ſeyn.</pc:Unicode>
        </pc:TextEquiv>
      </pc:TextLine>
      <pc:TextLine id="eSc_line_d9d3de29" custom="structure {type:default;}">
        <pc:Coords points="88,1185 88,1212 110,1211 111,1211 135,1199 155,1211 156,1211 157,1211 158,1211 159,1211 161,1211 175,1207 186,1210 187,1210 188,1210 189,1210 190,1210 191,1210 216,1194 241,1194 269,1195 285,1208 286,1209 287,1209 288,1209 288,1209 289,1209 290,1209 292,1208 316,1193 357,1195 370,1206 372,1209 373,1209 374,1209 375,1209 404,1205 411,1204 412,1204 412,1204 422,1196 443,1204 450,1207 451,1207 452,1208 506,1208 506,1207 507,1207 515,1203 537,1190 576,1190 598,1200 608,1205 609,1205 610,1206 634,1206 634,1205 635,1205 636,1205 644,1199 664,1189 716,1189 731,1198 735,1177 733,1148 711,1145 699,1135 698,1135 697,1135 668,1135 667,1135 666,1135 657,1139 615,1136 614,1136 613,1136 612,1136 597,1148 588,1155 545,1155 537,1148 522,1137 521,1137 520,1137 519,1137 494,1137 494,1137 493,1137 484,1144 464,1137 463,1137 463,1137 462,1137 461,1137 442,1149 434,1154 417,1154 412,1149 402,1143 401,1143 400,1143 399,1143 398,1143 385,1150 372,1158 256,1158 243,1151 224,1141 223,1141 173,1141 172,1141 171,1141 170,1141 157,1152 149,1158 138,1152 121,1142 120,1142 99,1142 98,1142 97,1142 96,1142 87,1149 88,1185"/>
        <pc:Baseline points="88,1185 735,1177"/>
        <pc:TextEquiv index="0">
          <pc:Unicode>Jn Hoffnung nach ruhigerer Zeit ha⸗</pc:Unicode>
        </pc:TextEquiv>
      </pc:TextLine>
      <pc:TextLine id="eSc_line_bfc4b172" custom="structure {type:default;}">
        <pc:Coords points="55,1242 57,1263 70,1252 155,1252 167,1260 169,1261 170,1261 171,1261 172,1261 173,1261 174,1261 175,1260 186,1251 214,1257 215,1257 246,1250 255,1258 257,1260 257,1260 258,1260 259,1260 298,1260 298,1260 299,1260 308,1256 319,1251 364,1250 373,1255 378,1258 379,1258 380,1258 381,1259 421,1259 421,1258 422,1258 438,1253 441,1252 448,1252 475,1255 476,1255 477,1255 489,1251 505,1247 518,1250 526,1253 527,1253 528,1253 529,1253 541,1250 556,1246 563,1250 571,1255 572,1255 573,1255 574,1256 601,1256 601,1255 602,1255 617,1248 623,1245 628,1248 639,1254 639,1254 640,1254 641,1254 656,1253 657,1253 658,1253 658,1252 664,1247 668,1244 680,1247 705,1251 706,1251 707,1251 727,1245 727,1232 724,1208 706,1210 698,1208 673,1198 672,1198 671,1198 670,1198 648,1208 640,1211 633,1209 605,1197 604,1197 603,1197 579,1198 578,1198 552,1209 541,1214 443,1214 438,1210 426,1200 425,1200 424,1200 395,1200 394,1200 393,1200 392,1200 379,1209 360,1200 360,1200 359,1200 335,1201 334,1201 333,1201 324,1209 303,1202 302,1202 301,1202 268,1209 259,1202 258,1202 257,1202 257,1202 217,1203 216,1203 216,1203 203,1212 199,1215 174,1219 97,1219 89,1213 78,1205 77,1205 76,1205 75,1205 74,1205 54,1212 55,1242"/>
        <pc:Baseline points="55,1242 727,1232"/>
        <pc:TextEquiv index="0">
          <pc:Unicode>ben wir das hl. Amhl. vom 1ſten Nov.</pc:Unicode>
        </pc:TextEquiv>
      </pc:TextLine>
      <pc:TextLine id="eSc_line_f4a64e8b" custom="structure {type:default;}">
        <pc:Coords points="59,1299 59,1304 70,1311 71,1311 72,1311 116,1303 120,1303 123,1303 155,1311 156,1311 195,1309 195,1309 196,1309 204,1304 208,1301 216,1304 234,1310 235,1310 236,1310 237,1310 237,1310 244,1304 249,1301 289,1301 316,1301 321,1305 327,1310 328,1310 329,1310 329,1310 330,1310 348,1305 362,1301 380,1305 396,1309 397,1309 416,1305 447,1300 455,1306 459,1309 460,1309 461,1309 462,1310 504,1310 504,1309 517,1306 552,1299 631,1304 632,1304 688,1299 708,1307 709,1307 710,1308 739,1308 739,1291 736,1253 726,1256 719,1253 711,1250 711,1250 710,1250 709,1250 701,1254 677,1265 651,1255 641,1251 640,1251 544,1251 543,1251 542,1251 519,1259 493,1267 471,1260 455,1254 454,1254 453,1254 453,1254 436,1260 420,1267 403,1261 401,1260 400,1260 399,1260 392,1261 366,1268 293,1268 289,1264 279,1256 278,1256 278,1256 277,1256 276,1256 251,1263 239,1256 238,1256 237,1256 237,1256 236,1256 217,1266 211,1270 196,1270 192,1267 172,1254 171,1254 170,1254 169,1254 123,1259 117,1254 116,1254 115,1254 114,1254 98,1257 97,1257 96,1257 82,1270 58,1270 59,1299"/>
        <pc:Baseline points="59,1299 271,1291 739,1291"/>
        <pc:TextEquiv index="0">
          <pc:Unicode>auf den 13ten verlegt, gedenken auch,</pc:Unicode>
        </pc:TextEquiv>
      </pc:TextLine>
      <pc:TextLine id="eSc_line_4c440fd4" custom="structure {type:default;}">
        <pc:Coords points="59,1354 59,1366 100,1372 101,1372 155,1366 178,1380 179,1380 180,1380 181,1381 207,1381 207,1380 238,1379 239,1379 256,1372 266,1375 267,1375 268,1375 268,1375 309,1363 339,1372 340,1372 340,1372 341,1372 342,1372 357,1362 358,1362 382,1368 383,1368 384,1368 475,1360 479,1360 480,1360 500,1373 501,1373 502,1373 503,1374 555,1374 555,1373 556,1373 556,1373 575,1358 576,1358 588,1358 589,1358 619,1372 620,1372 621,1372 678,1371 679,1371 704,1356 704,1342 701,1300 678,1301 677,1301 676,1301 650,1321 583,1321 553,1306 546,1303 545,1303 525,1303 524,1303 523,1303 522,1303 515,1308 495,1323 471,1323 449,1312 437,1305 436,1305 435,1305 434,1305 433,1305 423,1312 408,1324 370,1324 353,1316 346,1312 345,1312 305,1307 304,1307 218,1309 217,1309 216,1309 203,1321 183,1310 182,1310 181,1310 180,1310 144,1326 138,1329 133,1327 121,1321 120,1321 119,1321 118,1321 117,1321 107,1328 106,1329 58,1330 59,1354"/>
        <pc:Baseline points="59,1354 704,1342"/>
        <pc:TextEquiv index="0">
          <pc:Unicode>wen̅ es ſeyn kan, an dem Tage unſer</pc:Unicode>
        </pc:TextEquiv>
      </pc:TextLine>
    </pc:TextRegion>
  </pc:Page>
</pc:PcGts>
