1000 1641
226 120 897 175 Brief von Bruder Zeisberger Mai 1805.
165 121 209 187 16.
200 200 895 260 eine Pauſe drein gekom̅en. Es ſind zu dieſer
203 250 895 312 Zeit wenig Jndianer, die nach Gott fragen, u
202 301 898 369 ſich zu Jhm bekehren wollen. Es wird aber nicht
204 357 895 418 im̅er ſo bleiben. Jch hoffe auf beſſere Zeiten,
197 413 901 470 da der Herr ein neues Feuer unter die Jn⸗
197 464 893 526 dianer ſenden wird, da ſie Jhn von Herzen
201 516 901 580 ſuchen u finden werden. Darnach hat unſer
202 572 873 631 ſeliger Br. Etwein ausgeſehen; er hat es
197 625 906 692 aber nicht erlebt; u ich werde es auch wohl nicht
199 680 905 743 erleben. Jndeß iſt doch ein hübscher Anſchein,
197 737 878 794 daß Vorbereitung dazu im Werke iſt, u
197 788 870 852 wir kön̅en uns freuen in Hoffnung, die
197 842 905 906 nicht zu Schanden werden läßt. Dieſes Früh⸗
197 897 908 959 jahr habe ich eine harte Krankheit überſtanden.
196 952 890 1016 Jch bin zwar wieder völlig hergeſtellt, zur
196 1004 884 1071 äußern Arbeit aber weniger nütze, als
194 1058 890 1125 vorher, welches mir ungewohnt thut. Noch
195 1110 904 1171 kan̅ ich etwas ſchreiben, u da iſt die Jndi⸗
197 1163 905 1237 aniſche Sprache meine Hauptbeſchäftigung, worin
196 1221 895 1288 ich im̅er ein beſonderes Vergnügen gehabt
195 1274 894 1340 habe. Das gehört auch dazu, eine Sprache
195 1324 897 1396 zu lernen; u je mehr man hineinkom̅t,
824 1382 898 1424 desto
