1000 1643
158 105 224 177 94.
240 105 902 160 Beſuch in Mähren, April 1806.
207 187 919 251 die die Einwohner dieſes Städtchens durch die
215 244 926 305 retirirenden Ruſſen u die feindlichen fran⸗
209 302 919 360 zöſiſchen Chaſſeurs zu erfahren gehabt hatten.
210 351 918 413 Zwey arme bedürftige Män̅er, der eine mit 8,
207 404 925 464 der andere mit 7 Kindern, von denen das äl⸗
207 457 922 518 teſte des einen 13, u des andern 11 Jahre zu⸗
206 512 919 580 rückgelegt hatte, erregten vorzüglich unſer Mit⸗
206 569 919 636 leid. Beyde waren ihrer wenigen Habſeligkeiten,
204 626 917 686 bis auf einige Kleidungsſtücke, die in der Erde
201 680 920 740 unentdeckt vergraben geblieben, beraubt worden,
205 739 916 797 wobey ſie noch ſolchen Mißhandlungen ausgeſetzt
209 788 917 850 geweſen, daß einer von ihnen bezeugte, er müſſe
201 839 923 903 ſich das Andenken daran durch allerley Zerſtreu⸗
201 885 923 966 ung möglichſt aus dem Gemüthe zu ſchlagen ſuchen,
201 948 914 1010 indem ſich ſonſt Furcht u Schrecken ſeiner noch
202 1003 914 1058 jetzt ſo bemeiſterten, daß er des Nachts keiner
195 1052 923 1119 Ruhe genießen kön̅e. Wir ſagten dieſen Leuten,
199 1109 916 1164 daß gute u edle Menſchen in der Ferne von
197 1163 912 1224 ihren bedrängten Umſtänden gehört u uns ab⸗
200 1218 906 1279 geſandt hätten, ihnen einige Unterſtützung zu
198 1274 906 1334 reichen, in der Hoffnung, daß ſie dieſelbe gut
198 1328 910 1396 anwenden, Gott unſerm Heiland dafür danken,
849 1374 871 1418 u
