1000 1642
160 101 260 160 364.
260 99 900 158 Diarium von Gracehill in Irland
211 175 906 249 ders langen Ohnmacht: Jch habe einen
210 235 916 296 Anblick von der Perſon meines Jeſu ge⸗
211 290 907 361 habt, u. bald werde ich die Gnade haben,
211 346 927 415 ſeine Füße zu küßen. Mein armer Dienſt
209 404 915 470 hienieden iſt gethan, u. ſüß wird die Ruhe
210 456 907 526 bey ihm ſeyn. ‒ Er kan̅te noch alle die ihn
209 516 908 579 beſuchten, u. redete mit ihnen nach ihren
211 570 908 636 verſchiedenen Umſtänden, ſo wie ihm die⸗
209 619 916 689 ſelben bekan̅t waren, mit der Ermahnung
209 679 934 748 ſich ganz dem hinzugeben, der ſie mit ſeinem
208 731 908 797 Blute erkauft hat. Und ſo ging er ſanft
208 784 910 856 hinüber in die Arme ſeines Erlöſers. Er
207 842 906 907 war ein munterer Zeuge Jeſu, dachte ge⸗
208 896 916 959 ring von ſich, u. war zufrieden bey Armuth
208 950 908 1015 u. Widerwärtigkeiten. Jn der Pflege u.
204 1007 912 1076 Berathung der ihm anvertrauten Herde
208 1062 908 1125 war er unermüdet treu, daher er durch⸗
208 1117 916 1185 gängig geliebt u. geſchätzt wurde. Seine
208 1165 924 1245 Pilgerſchaft hienieden hat gewahrt 74 Jahre⸗
253 1225 917 1288 D. 25 May trat Br. Hartley ſeine dritte
205 1276 903 1345 disjährige Beſuchreiſe an, wobey ihn ein
205 1327 908 1400 Bruder von Gracefield begleitete. Nachdem
849 1377 903 1413 er
