1000 1643
195 109 282 162 162.
363 103 828 167 Bethlehem, Nazareth,
231 177 899 240 ſaunen⸗Chor vom Altan des Brüder⸗
228 234 803 293 hauſes einige Dankmelodien an.
268 288 892 353 Da der zu Ende vorigen Jahres ge⸗
224 346 913 408 machte Verſuch mit Erbauung einer ſtei⸗
225 397 901 460 nernen Cyſterne nach Wunſch u. zur Zu⸗
225 457 914 513 friedenheit ausgefallen war; ſo wurden
224 511 910 574 heuer noch zwey dergleichen Cyſternen
227 571 908 626 u. zwar von größerm Umfang ange⸗
223 625 872 680 legt, die uns hoffentlich in Zukunft vor
222 674 896 733 dem durch die ſchadhaften hölzernen Cy⸗
221 728 875 785 ſternen öfters verurſachten Waſſer⸗
221 782 636 837 mangel ſichern werden.
252 829 887 895 Jn der Nacht vom 17t auf den 18t Sept.
221 889 926 953 verſchied allhier ein fremder junger Menſch
218 940 906 1003 Namens Friedrich Schunk. Er war der
220 997 875 1060 Sohn eines Predigers aus dem Heſſen⸗
219 1052 892 1112 Darmſtädtiſchen, u. hatte vor einiger
220 1107 902 1172 Zeit auf hieſigem Hofe u. in der Braue⸗
218 1160 888 1220 rey als Knecht gedient. Am 14t dieſes
216 1215 894 1270 Monats kam er krank hier an, u. wurde
217 1272 878 1330 in dieſem traurigen Zuſtande, den er
220 1319 908 1392 ſich wahrſcheinlich durch den übermäßigen
834 1379 898 1440 Ge⸗
