1000 1642
195 110 284 159 270.
331 93 884 166 Br. Gregors Beſuch auf den
245 176 893 241 theils beſorgte ich, bald eingeholt, u.
239 236 927 299 um ſo mehr gemißhandelt zu werden.
240 286 922 354 Jezt kam der erſte Räuber auch auf mich
237 346 918 406 los, u. gab mir, da ich mich nicht ſogleich grei⸗
236 402 893 462 fen laſſen wolte, einen heftigen Schlag
239 454 904 514 auf den Kopf mit einem Jnſtrument,
237 511 917 570 welches er etwa in dem Ermel ſeines
237 561 919 626 weiten ruſſiſchen Rocks verborgen ge⸗
235 614 919 681 halten hatte. Dieſes Inſtrument, wel⸗
233 678 920 740 ches hier zu Lande nicht ganz ungewöhnlich
234 736 911 791 iſt, beſteht aus zwey ledernen Riemen,
229 785 913 842 an deren unterſten Ende ein Stück Eiſen
229 841 912 899 oder Bley mit Zacken befeſtigt iſt. Durch
229 891 914 954 dieſes Jnſtrument kan, wen̅ es recht ge⸗
230 955 912 1007 ſchwungen wird, ein Menſch auf den er⸗
227 999 918 1064 ſten Schlag getödtet werden. Entweder
226 1057 912 1118 war aber dieſer Kerl noch nicht ſehr ge⸗
226 1110 909 1174 übt in der Mordkunſt, oder ich ſtand ihm
226 1163 884 1229 zu nahe, kurz der Schlag that nicht ſeine
223 1226 891 1284 ganze Wirkung, wiewol ich ihn noch ge⸗
220 1274 906 1338 nugſam fühlte. Jezt wurde auch ich dem
219 1330 923 1400 Walde zugeführt, u. da ich um das Schickſal
844 1381 899 1423 des
