1000 1641
216 116 540 175 vom Jahr 1805.
718 123 812 192 359.
61 185 760 264 genden Tag ging ich zu Fuß weiter nach
58 238 742 311 Ballinderry, u. kam dienſtags d. 7. May
61 294 751 361 ohne weiteres Hinderniß wohlbehalten
58 350 748 414 in Gracehill an. Geſegnet ſey die Hand,
64 402 756 474 die über mir gewaltet, u. die mich ſicher ge⸗
62 462 259 525 leitet hat.
93 504 757 571 D. 9t May ging Br. Hartley auf einen
64 558 759 634 kurzen Beſuch nach Gracefield. Es wurde be⸗
66 621 718 692 ſchloßen, daſelbſt den Anfang zu einer
69 668 758 742 Penſions⸗Mädchen Anſtalt zu machen. Jn
69 726 763 797 der folgenden Woche wurde eine Tagſchule
72 781 767 850 im Gemeinhauſe in Ballinderry eingerich⸗
71 836 767 902 tet, u. die led. Schw. Mary Brownlees zur er⸗
69 884 750 957 ſten Lehrerin berufen. Wir hoffen, daß
70 943 741 1012 mit der Zeit auch eine Penſions⸗Anſtalt
72 994 739 1062 daſelbſt zu Stande kom̅en werde. D. 22t
72 1043 766 1114 May wurde die Abend⸗Verſam̅lung durch
82 1104 770 1167 folgenden Umſtand beſonders intereſ⸗
78 1155 774 1223 ſant: Die led. Societäts⸗Schw. Sarah Boggs
75 1206 764 1280 deren Kräfte bey ihren Krankheitsum⸗
77 1264 770 1334 ſtänden ſchon ſehr herunter gekom̅en wa⸗
78 1320 765 1395 ren, hatte ihr ſehnliches Verlangen zu er⸗
690 1361 766 1402 ken⸗
