1000 1642
63 124 698 184 Beſuch in Mähren, April 1806.
724 125 790 197 89.
34 209 744 270 daß wir uns am folgenden Morgen wieder
37 263 747 323 einfinden möchten. Als dieſes zur beſtim̅ten
39 321 746 382 Zeit geſchahe, zeigte man uns an, daß Seine
34 374 749 438 Fürſtl. Gnaden, der HE. Erzbiſchof v. Schratten⸗
39 430 740 493 bach, uns dieſer Angelegenheit wegen ſelbſt
41 484 745 546 zu ſprechen begehre. Wir wurden alſo bald
39 536 760 596 darauf auf ſein in der Höhe liegendes ungemein
44 588 739 658 ſchönes Schloß geführt, wo uns dieſelben ſehr
43 644 750 707 huldreich empfingen. Se Fürſtl. Gnaden be⸗
45 695 763 759 zeugten zuförderſt ihre in̅ige Freude u Dank⸗
46 752 757 811 barkeit gegen dieſe hochgeſchätzten edlen Men⸗
50 807 750 866 ſchenfreunde in England, welche aus reinem
48 855 755 922 Liebestriebe ſich aufgeregt gefunden hätten,
52 914 760 973 ihre armen verunglückten Nebenmenſchen zu
51 961 762 1027 unterſtützen, u verſicherten ſodan̅, wie Sie ſich
52 1018 761 1080 ein beſonderes Vergnügen daraus machen
52 1070 760 1130 würden, falls wir Vertrauen in Jhre Per⸗
55 1122 766 1190 ſon ſetzten u dieſes Geſchenk übergeben woll⸗
57 1179 767 1240 ten, daſſelbe ganz nach dem Plane dieſer wohl⸗
56 1229 764 1299 thätigen Geſellſchaft zu vertheilen, u dadurch
52 1278 759 1353 derſelben Jhre Liebe u Hochachtung noch deut⸗
59 1334 755 1402 icher zu beweiſen. Nach einiger nähern
653 1383 759 1444 Unter⸗
