1000 1640
103 112 627 175 d. d. Ebersdorf. Oct. 1806.
689 112 782 167 235.
43 182 723 260 ßen Feuern nächtlr Lager, zu ängſtlr
41 245 704 309 Beſorgniß von Brand. Groſſe Feuer⸗
41 296 711 376 ſcheine erhellten u. rötheten hoch den
42 353 680 427 Him̅el; man hörte den Don̅er des
43 407 711 489 Geſchützes aus der Ferne; alle Häu⸗
44 471 699 539 ſer, kaum eins ausgenom̅en, wa⸗
43 522 718 596 ren mit Einquartierung belegt: 1, 2,
43 584 721 654 4, 8, 16, 20, 30 u. mehr Man̅, die viel
44 636 710 705 forderten; zum Theil iſt uns auch
50 697 720 760 zieml. viel genom̅en worden. Den
46 747 704 816 Wittwen wurde ſogar zugemuthet,
52 801 719 873 ins Schwrn⸗Haus zu ziehen, u. ihr
52 861 724 931 Haus ganz zur Einquartierung der
50 916 682 984 Soldaten zu überlaſſen; doch iſt es
53 973 716 1039 nicht dahin gekom̅en. Das Schwrn⸗
52 1021 729 1098 Haus iſt frey geblieben, aber die Schwe⸗
56 1077 706 1148 ſtern hatten Tag u. Nacht zu kochen
55 1135 697 1199 u. zu waſchen. Das Brr:Haus hat
55 1189 696 1250 allein an einem Abend mit Hülfe
57 1250 705 1310 der Schwrn an die 500. Man̅ geſpei⸗
61 1301 701 1373 ſet u. getränkt, u. über hundert im
