1000 1643
146 124 217 173 130.
234 113 884 167 Schreiben von Br. Kluge, April 1806.
215 202 905 255 umgebracht habe. Als dieſer arme alte Man̅ es
209 256 932 325 nicht geſtehen wollte, ſo banden ſie ihn an zwey Pfähle,
216 311 915 366 u fingen an ihn zu verbren̅en. Jn dieſer Noth ſagte
210 364 916 421 er, daß er ſein Gift in dem Hauſe unſer Jndianer⸗
208 418 915 474 bruders Joſua aufbewahrt hätte. Dieſes war ihnen
206 472 915 530 ein gefundener Handel, um unſern armen Joſua,
204 529 910 578 den einzigen Jndianerbruder, den wir noch haben,
207 584 917 636 von uns abzuziehen. Sie hatten ihn ſchon verſchiedene⸗
208 633 911 689 mal zu ihrem heidniſchen Weſen rufen laſſen, aber
206 685 920 747 er war nicht gegangen, u gab ihnen im̅er zur Antwort:
213 743 915 795 „Jhr wißt, daß ich an den wahren Gott glaube, deſſen
208 793 910 848 Wort wir auch verkündigen; daher habe ich nichts mit
209 844 912 903 eurer Sache zu thun; macht ihr, was ihr wollt, u laßt
202 903 912 953 nur uns in Ruhe.“ Damit waren ſie aber für die⸗
206 952 904 1014 ſesmal nicht zufrieden, ſondern ſchickten den 13ten
204 1009 911 1067 Merz 7 wilde Jndianer mit bemahlten Geſichtern zu
203 1063 912 1116 uns, u holten den Jndianerbruder Joſua mit Ge⸗
203 1119 906 1172 walt von uns ab; wobey ſie den Vorwand brauchten,
206 1172 914 1230 er ſollte nur dem Tettpachſit ins Geſicht ſagen, daß
206 1221 917 1285 er nichts dergleichen in ſeinem Hauſe aufbewahrt habe,
204 1280 910 1337 alsdan̅ kön̅te er wieder nach Hauſe gehen. Es halfen
203 1329 903 1396 daher alle Gegenvorſtellungen nichts, Joſua mußte
833 1382 889 1434 ohne
