1000 1642
198 98 291 150 314.
324 90 923 176 Jubil. des Einzugs der led. Schwn.
253 175 927 239 werthen Namens auch in dieſer Ab⸗
250 239 795 295 ſicht nie vergeßen werden.
280 290 899 344 So wurde dann dieſer in Armuth
248 343 927 402 u. bloß im Vertrauen auf den Herrn
244 402 935 460 angefangene Bau durch die ſegensreiche
245 456 931 517 Fürſorge unſers l. Vaters im Himmel
246 510 921 573 glücklich, ohne Schaden u. gerade zu rech⸗
241 561 923 628 ter Zeit vollendet, ehe der ſiebenjährige
239 616 925 678 Krieg noch völlig ausgebrochen war, wel⸗
240 673 925 734 ches kurz darauf geſchahe; u. am 16. Oct. 1756.
239 726 924 787 konte das Chor aus ſeiner bisherigen Woh⸗
238 779 943 841 nung an der Landſtraße, wo es der größ⸗
237 840 928 898 ten Unruhe u. Gefahr ausgeſezt geweſen
240 893 923 953 ſeyn würde, wie eine Heerde Schäflein
239 948 920 1002 in ſeine neue ſichere Friedenshütte frö⸗
239 998 923 1060 lich u. dankbar einziehen. Unter welchem
237 1058 923 1121 mächtigen Gnadenwehen dieſes geſchah,
237 1111 933 1175 iſt nicht zu beſchreiben. Die Hausgenoßen
236 1163 928 1232 ſpürten beym Eintritt in den neuen Chor⸗
236 1215 923 1284 Tempel mit heiligem Erbeben, daß Vater,
233 1270 916 1337 Sohn u. heil. Geiſt ihr Antliz über ſie erho⸗
232 1327 916 1397 ben, ja daß ihnen der Friede Gottes auf
845 1383 920 1412 eine
