1000 1641
205 118 874 170 Von Stockholm 1801, 1802 und 1803.
138 120 198 185 44.
194 205 902 261 welche Heiterkeit eine wolangewendete Jugend⸗
196 259 896 315 zeit über das ganze Leben bis zu deſſen
199 312 904 373 ſpäteſten Jahren verbreite. Nach dem Lie⸗
194 367 899 423 besmahle wurden die Kinder in die Schul⸗
197 425 899 482 ſtube begleitet, u daſelbſt nach dem Geſange ei⸗
196 477 902 536 niger Verſe der Anfang mit dem Schulunterricht
197 533 320 588 gemacht.
244 580 895 634 Am erſten November, da es 17 Jahre war,
200 636 894 695 ſeitdem unsre Mädchenſchule angefangen wor⸗
197 689 895 747 den iſt, dankten wir dem Heiland bey einem
198 748 887 799 Liebesmahle, welches mit den Schulmädchen u
199 802 892 857 ihren Lehrerinnen gehalten wurde, für den
197 852 891 915 Segen, den Er bisher auf dieſe Schule gelegt
202 908 885 963 hat. Es haben in den 17 Jahren 60 Kinder
201 959 885 1025 in dieſer Schule Erziehung u Unterweiſung
199 1014 902 1076 genoſſen, von denen nun ſchon einige Müt⸗
197 1068 883 1130 ter ſind, u ihre Kinder in dieſelbe Schule
200 1122 344 1183 ſchicken.
237 1167 879 1229 Am 7ten Jan. 1802 verſchied der junge
203 1227 885 1283 Graf Johan̅ Georg Snoilsky in einem
199 1279 884 1336 Alter von 19½ Jahren. Er war in den
196 1326 889 1393 Anſtalten der Brüdergemeine zu Chriſtiansfeld
854 1383 872 1444 u
