1000 1642
323 93 824 169 Diaspora im Vogtland,
205 108 293 165 224.
248 172 929 239 u. an wahrhaft erbaulichen Schriften
247 227 926 290 fehlt es doch noch nicht. Am Ende unſrer
244 283 906 342 Unterredung erklärte er ſich, daß er
247 336 930 403 ſich von Kirche u. Abendmahl nicht tren⸗
243 391 885 455 nen wolle. Er bat ſodann noch um die
242 446 900 512 Mittheilung der Gemein⸗Nachrichten;
246 506 916 566 wobey er bezeugte, daß ihm dasjenige,
244 559 927 627 was er ſchon aus denſelben geleſen ha⸗
247 620 889 682 be, zum wahren Segen geweſen ſey.
291 666 927 733 Ein Superintendent, den ich beſuchte,
246 720 928 787 äußerte gegen mich, daß er es bey der
246 779 929 847 jezigen Zeit für eine beſondere Gna⸗
239 830 929 893 denanſtalt Gottes anſehe, daß die Brü⸗
242 887 928 951 dergemeine Boten ausſende, durch wel⸗
241 939 924 1008 che die Gläubigen ermuntert, u. manche
242 997 905 1059 todte〚n〛 Herzen erwekt werden; und er
242 1051 942 1117 wünſchte 〚nur〛mir von Herzen recht viele
239 1113 697 1169 Segen zu meinem Beruf.
290 1153 923 1224 Jn Wieſenthal, einem geringen an
241 1210 927 1279 der Böhmiſchen Grenze liegenden Städt⸗
242 1269 925 1335 chen des erzgebirgiſchen Kreiſes, fand
241 1326 928 1390 ich unter den Einwohnern große Armuth.
860 1372 917 1410 Sie
