1000 1642
205 114 291 188 248.
327 102 831 172 Schreiben des Br. Hüffel.
265 175 877 246 ſein Quartier auf dem Schloſſe.
264 233 918 305 Die ſämtle Zahl der Truppen, die
256 293 934 364 ſich in hieſiger Stadt u. auf ein paar
253 351 906 415 Dörfern einquartierten, vermag
249 406 908 477 ich nicht anzugeben; zwey bis drey
254 467 892 532 tausend kön̅ten es wohl geweſen
252 526 931 584 ſeyn: indem mancher Bürger 30.
249 576 931 637 u. mehr Man̅ hatte. Am 21ſten Mor⸗
254 633 933 696 gens kam ein Adjutant des Franzö⸗
250 690 931 754 ſiſchen Generals Beaumont hier⸗
250 745 929 812 her u. bald hernach der Franzöſiſche
245 799 934 863 Artillerie Oberste Moriot, mit wel⸗
245 852 945 934 chen der HE. General v. Zezchwitz we⸗
249 918 934 983 gen Verſchonung des Sächſiſchen ter⸗
243 977 937 1031 ritorii verhandelte; es wurden auch
242 1022 957 1089 2. Salve-garde⸗Briefe, einer für Bar⸗
260 1078 936 1146 by, der andere für Gnadau (durch die
240 1138 922 1199 Bemühungen unſers HE. Amtman̅s
245 1201 902 1257 u. des Br. Dietrichs) ausgefertiget,
245 1251 940 1312 die aber nur Freiheit von Plünderung
247 1304 908 1382 und Contribution, nicht von Einquar⸗
827 1360 892 1424 tie⸗
