<?xml version="1.0" encoding="utf-8"?>
<pc:PcGts xmlns:pc="http://schema.primaresearch.org/PAGE/gts/pagecontent/2019-07-15" xmlns:xsi="http://www.w3.org/2001/XMLSchema-instance" xsi:schemaLocation="http://schema.primaresearch.org/PAGE/gts/pagecontent/2019-07-15 http://schema.primaresearch.org/PAGE/gts/pagecontent/2019-07-15/pagecontent.xsd" pcGtsId="GT-OCR-GN_1806_1__GN.A.351__80_bd4c0">
  <pc:Metadata externalRef="https://images.iiif.slub-dresden.de/iiif/2/data%2Fkitodo%2FNachaudeB_1745047107_1806_1%2FNachaudeB_1745047107_1806_1_tif%2Fjpegs%2F00000081.tif.medium.jpg/full/full/0/default.jpg">
    <pc:Creator>escriptorium</pc:Creator>
    <pc:Created>2024-01-26T14:55:54.668056Z</pc:Created>
    <pc:LastChange>2024-01-26T14:55:54.668068Z</pc:LastChange>
    <pc:MetadataItem type="processingStep" name="recognition/post-correction" value="ocrd-cor-asv-ann-join">
      <pc:Labels externalModel="ocrd-tool" externalId="parameters">
        <pc:Label value="False" type="add-filegrp-comments"/>
      </pc:Labels>
      <pc:Labels externalModel="ocrd-tool" externalId="version">
        <pc:Label value="0.1.14" type="ocrd-cor-asv-ann-join"/>
        <pc:Label value="2.60.2.dev0+gac1f15b3.d20240125" type="ocrd/core"/>
      </pc:Labels>
    </pc:MetadataItem>
  </pc:Metadata>
  <pc:Page imageFilename="80_bd4c0_default.jpg" imageWidth="1000" imageHeight="1642">
    <pc:TextRegion id="eSc_textblock_9fc0e4e7" custom="structure {type:text;}">
      <pc:Coords points="780,120 809,138 805,170 758,204 772,226 769,575 791,864 780,985 791,1418 783,1429 711,1429 685,1400 575,1392 58,1400 40,248 51,222 83,218 105,197 54,182 72,174 83,131 561,120"/>
      <pc:TextLine id="eSc_line_19aa6918" custom="structure {type:default;}">
        <pc:Coords points="706,120 693,120 679,120 665,120 652,120 641,120 547,125 531,121 527,120 515,120 501,120 498,120 493,123 480,127 469,123 465,121 460,121 446,121 442,121 439,124 434,128 391,125 372,124 364,124 350,124 336,124 323,124 309,125 295,125 287,125 284,128 276,125 268,125 254,127 241,127 235,127 224,131 219,132 215,131 206,127 200,128 186,128 172,128 158,128 152,128 145,128 131,129 117,129 104,129 90,129 76,150 78,164 78,187 187,186 189,186 190,186 190,184 191,184 198,175 220,175 320,180 364,183 365,183 367,183 375,179 389,172 450,176 508,180 509,180 542,173 561,168 619,168 621,171 627,175 627,176 628,176 630,176 631,176 632,176 634,176 641,169 642,168 646,169 665,176 667,176 668,176 669,176 671,176 671,175 679,168 682,166 712,166 715,155 712,120 706,120"/>
        <pc:Baseline points="79,165 594,154 716,156"/>
        <pc:TextEquiv index="0">
          <pc:Unicode>Beſuch in Mähren, April 1806.</pc:Unicode>
        </pc:TextEquiv>
      </pc:TextLine>
      <pc:TextLine id="eSc_line_d83c281e">
        <pc:Coords points="795,129 794,128 741,125 741,155 741,177 798,190 800,155 800,132 795,129"/>
        <pc:Baseline points="742,156 801,157"/>
        <pc:TextEquiv index="0">
          <pc:Unicode>77.</pc:Unicode>
        </pc:TextEquiv>
      </pc:TextLine>
      <pc:TextLine id="eSc_line_53a7c686" custom="structure {type:default;}">
        <pc:Coords points="43,237 44,256 44,267 61,268 78,280 79,280 80,280 81,280 160,279 161,279 185,267 187,267 192,267 256,277 257,277 258,277 277,267 285,263 291,267 292,269 293,269 294,269 295,269 296,269 302,267 311,265 321,267 353,275 354,275 354,275 355,275 367,267 377,261 525,264 526,264 575,257 629,267 638,269 639,270 657,270 657,269 658,269 661,267 679,259 703,267 705,268 706,268 707,268 754,267 754,241 751,209 719,217 709,213 708,213 708,213 707,213 694,220 645,220 606,214 598,213 597,213 596,213 593,215 575,223 528,223 512,218 506,215 505,215 455,215 454,215 453,215 452,215 447,219 438,225 407,221 393,219 392,219 377,222 353,227 328,224 286,218 285,218 284,218 254,227 244,228 231,227 183,220 182,220 89,222 45,233 43,237"/>
        <pc:Baseline points="44,256 754,241"/>
        <pc:TextEquiv index="0">
          <pc:Unicode>Dorfſchaften zur rechten u einem lieblichen Bach</pc:Unicode>
        </pc:TextEquiv>
      </pc:TextLine>
      <pc:TextLine id="eSc_line_f2abef27" custom="structure {type:default;}">
        <pc:Coords points="49,314 49,332 94,322 117,329 118,329 119,329 120,329 145,322 191,328 197,329 198,329 199,329 200,329 201,328 217,320 232,320 248,326 253,329 254,329 255,329 256,329 257,329 260,326 263,324 295,325 354,326 355,326 356,326 364,322 379,315 429,315 445,320 458,324 459,324 460,324 461,324 462,324 468,319 474,314 500,318 529,322 530,322 531,322 531,322 538,317 540,316 554,316 600,318 601,318 602,318 603,318 606,314 611,311 624,314 654,320 655,320 656,320 674,312 681,309 715,309 719,311 729,316 730,316 731,316 732,316 750,310 750,296 748,272 729,272 720,265 719,265 718,265 718,265 717,265 716,265 706,272 678,272 600,274 598,273 586,268 585,268 584,268 527,274 500,277 448,275 378,272 377,272 342,276 294,281 267,277 254,275 253,275 252,275 246,277 230,282 151,278 138,278 137,278 136,278 135,279 121,286 88,286 47,280 49,314"/>
        <pc:Baseline points="49,314 250,305 750,296"/>
        <pc:TextEquiv index="0">
          <pc:Unicode>zur linken Seite führte uns nach Neutitſchein,</pc:Unicode>
        </pc:TextEquiv>
      </pc:TextLine>
      <pc:TextLine id="eSc_line_371ce00f" custom="structure {type:default;}">
        <pc:Coords points="46,363 46,378 66,385 67,385 68,385 133,384 134,384 135,384 135,384 142,377 143,377 145,377 177,384 177,384 178,384 201,377 223,371 265,375 266,375 267,375 282,369 346,369 359,375 365,379 366,379 367,380 394,380 394,379 395,379 395,379 400,375 411,367 447,367 468,374 476,377 477,377 478,377 479,377 484,374 503,365 526,373 527,373 528,373 529,373 550,364 626,363 662,371 752,372 753,348 750,326 641,328 639,327 625,319 625,319 624,319 623,319 622,319 604,328 603,329 560,329 547,329 531,321 531,321 530,321 503,322 502,322 487,330 483,332 476,330 447,322 446,322 445,322 444,322 443,322 437,329 374,331 355,325 354,325 354,325 353,325 352,325 342,332 338,334 332,332 311,325 310,325 309,325 265,332 242,329 241,329 240,329 239,329 233,333 229,337 182,337 178,334 168,330 167,330 166,330 166,330 148,335 142,337 137,335 126,331 125,331 89,330 88,330 45,336 46,363"/>
        <pc:Baseline points="46,363 753,348"/>
        <pc:TextEquiv index="0">
          <pc:Unicode>durch welche Stadt wir hindurch u in das angrän⸗</pc:Unicode>
        </pc:TextEquiv>
      </pc:TextLine>
      <pc:TextLine id="eSc_line_de52c50f" custom="structure {type:default;}">
        <pc:Coords points="52,416 52,441 96,428 150,432 151,432 152,432 169,426 195,437 199,439 200,439 201,439 230,438 231,438 232,438 235,436 253,425 300,428 301,428 327,424 341,433 345,436 346,436 347,436 348,436 421,435 422,435 431,430 452,420 500,420 511,428 517,433 518,433 519,433 520,434 535,434 535,433 536,433 537,433 543,427 552,421 560,426 566,432 567,432 568,432 569,433 593,433 593,432 593,432 594,432 594,431 601,426 604,424 611,426 635,431 636,431 637,431 638,431 645,425 655,417 750,421 751,404 749,381 727,382 724,381 712,375 711,375 710,375 666,382 658,383 656,382 642,375 641,375 640,375 639,375 619,382 611,376 610,376 609,376 608,376 607,376 606,376 595,383 593,384 585,384 550,376 549,376 548,376 547,376 538,384 536,385 530,384 514,381 513,381 512,381 500,384 492,387 447,387 443,385 439,383 438,383 437,383 437,383 420,386 414,387 411,386 403,383 402,383 401,383 355,387 333,389 325,387 301,381 300,381 299,381 260,389 249,391 246,389 237,383 236,383 235,383 204,383 203,383 202,383 177,389 165,384 164,384 163,384 162,384 161,384 151,391 148,393 143,391 125,384 125,384 124,384 51,392 52,416"/>
        <pc:Baseline points="52,416 751,404"/>
        <pc:TextEquiv index="0">
          <pc:Unicode>zende Dorf Sehlen gingen. Daſelbſt fanden</pc:Unicode>
        </pc:TextEquiv>
      </pc:TextLine>
      <pc:TextLine id="eSc_line_f7fa0df6" custom="structure {type:default;}">
        <pc:Coords points="51,470 52,493 75,484 97,492 98,492 99,492 100,492 101,492 102,492 119,479 145,491 149,492 150,492 151,492 179,491 180,491 183,489 208,478 282,478 292,484 293,484 294,484 295,485 316,485 316,484 317,484 354,475 393,479 394,479 415,476 434,483 435,483 436,483 437,483 457,473 509,472 538,480 552,485 552,485 553,485 575,484 576,484 586,479 605,470 622,478 632,483 633,483 634,483 664,478 665,478 671,482 672,482 673,482 674,482 737,481 738,481 756,475 756,457 753,429 694,435 679,431 671,428 670,428 669,428 668,428 657,431 647,434 644,431 638,427 637,427 636,427 635,427 635,427 618,432 602,437 573,437 566,434 560,430 559,430 558,430 557,430 547,434 536,438 500,438 493,436 480,429 479,429 479,429 413,430 366,438 350,441 340,439 310,432 309,432 263,433 262,433 261,433 256,437 232,434 231,434 230,434 204,442 198,444 193,443 162,435 161,435 160,435 159,435 125,444 122,445 119,445 99,440 98,440 50,446 51,470"/>
        <pc:Baseline points="51,470 756,457"/>
        <pc:TextEquiv index="0">
          <pc:Unicode>wir unſern Bruder Foltin mit ſeiner zahl⸗</pc:Unicode>
        </pc:TextEquiv>
      </pc:TextLine>
      <pc:TextLine id="eSc_line_077b14e9" custom="structure {type:default;}">
        <pc:Coords points="51,525 51,537 89,548 90,548 91,549 109,549 109,548 110,548 111,548 132,535 134,534 139,535 166,540 166,540 167,540 168,540 176,534 177,532 215,532 217,533 229,540 230,540 231,540 232,540 250,532 251,532 253,532 270,536 271,536 291,531 297,530 302,531 316,535 317,535 318,535 345,532 358,542 359,542 360,542 361,542 461,540 486,540 487,540 522,526 524,526 526,526 581,538 582,538 583,538 611,525 634,536 635,536 635,537 652,537 652,536 653,536 654,536 670,523 670,522 750,520 750,509 748,485 666,489 651,486 635,481 634,481 633,481 632,481 622,486 613,490 593,487 592,487 591,487 590,487 589,487 580,493 541,494 516,494 502,488 498,486 497,486 421,486 420,486 419,486 418,486 415,488 404,496 385,489 378,487 377,487 376,487 375,487 375,487 372,489 362,497 334,498 205,491 191,491 190,491 189,491 187,492 163,501 149,501 138,492 137,492 136,492 135,492 50,493 51,525"/>
        <pc:Baseline points="51,525 750,509"/>
        <pc:TextEquiv index="0">
          <pc:Unicode>reichen Familie von 9 Perſonen, welche in</pc:Unicode>
        </pc:TextEquiv>
      </pc:TextLine>
      <pc:TextLine id="eSc_line_bfe3674c" custom="structure {type:default;}">
        <pc:Coords points="50,579 50,589 88,589 103,599 104,599 104,599 133,600 134,600 135,600 150,592 168,599 169,599 170,599 198,598 199,598 200,598 216,588 219,586 241,586 243,588 256,597 257,597 258,597 259,598 285,598 285,597 286,597 287,597 287,596 296,588 302,587 333,583 366,587 376,588 377,588 378,588 382,587 398,582 406,587 417,594 418,594 419,594 420,594 421,594 439,587 453,581 475,582 479,587 487,592 488,592 489,592 489,592 537,592 538,592 551,586 565,580 598,579 609,583 610,583 611,583 633,581 641,586 646,590 647,590 648,590 649,590 686,589 687,589 693,586 709,578 726,586 730,588 731,588 732,588 755,585 755,565 752,542 593,545 592,545 581,540 580,540 579,540 578,540 567,544 517,538 516,538 473,547 468,549 457,549 456,548 446,540 445,540 444,540 443,540 351,546 333,541 333,541 332,541 288,542 287,542 260,550 250,544 249,544 248,544 247,544 246,544 235,550 226,544 225,544 224,544 223,544 187,549 169,545 168,545 167,545 166,545 160,550 142,545 141,545 140,545 139,545 118,553 87,548 86,548 85,548 84,548 74,555 73,556 49,556 50,579"/>
        <pc:Baseline points="50,579 755,565"/>
        <pc:TextEquiv index="0">
          <pc:Unicode>einem ſehr engen Stübchen zuſam̅en wohnen,</pc:Unicode>
        </pc:TextEquiv>
      </pc:TextLine>
      <pc:TextLine id="eSc_line_422508d4" custom="structure {type:default;}">
        <pc:Coords points="51,631 51,644 74,654 75,654 76,655 112,655 112,654 167,653 168,653 169,653 179,646 188,653 189,653 190,653 191,654 235,654 235,653 236,653 264,643 276,639 306,643 314,644 315,644 321,643 340,638 346,643 357,651 358,651 359,651 360,651 388,650 389,650 390,650 399,643 405,637 433,636 456,636 467,643 469,644 470,644 471,644 472,644 473,644 479,642 498,635 585,635 594,642 597,644 598,644 599,644 600,644 609,642 641,634 678,641 679,641 680,641 699,634 719,641 731,645 732,645 733,645 734,645 750,641 750,621 747,592 729,598 710,593 702,592 701,592 700,592 692,593 680,597 672,594 666,592 665,592 664,592 663,592 662,592 658,594 654,599 627,600 616,595 606,592 605,592 604,592 532,592 531,592 531,592 523,598 517,603 494,603 486,599 483,597 482,597 481,597 480,597 462,600 429,604 388,602 385,602 376,594 375,594 375,594 374,594 373,594 372,594 362,602 356,606 345,606 341,602 331,595 330,595 329,595 309,595 308,595 307,595 306,595 306,596 301,601 211,597 210,597 209,597 208,597 196,606 196,607 176,609 135,609 135,608 116,599 115,599 114,599 114,599 113,599 102,609 101,610 50,610 51,631"/>
        <pc:Baseline points="51,631 750,621"/>
        <pc:TextEquiv index="0">
          <pc:Unicode>noch recht geſund u wohl. Seine Freude über</pc:Unicode>
        </pc:TextEquiv>
      </pc:TextLine>
      <pc:TextLine id="eSc_line_aafefe10" custom="structure {type:default;}">
        <pc:Coords points="52,689 52,699 88,713 89,713 90,713 91,713 118,700 137,702 138,702 139,702 140,702 146,697 150,697 203,704 204,704 205,704 221,698 234,704 235,704 236,704 237,704 238,704 245,698 302,703 302,703 303,703 304,703 316,694 317,694 343,693 346,694 364,701 365,701 366,701 367,701 385,696 402,704 403,704 445,705 446,705 491,703 492,703 512,693 532,701 533,701 563,702 564,702 565,702 566,702 586,688 589,686 604,685 684,685 687,686 701,696 702,696 703,696 704,696 705,696 713,692 728,697 729,697 729,697 730,697 731,697 747,685 761,685 761,673 760,647 720,644 719,644 718,644 705,648 698,651 648,651 642,650 611,644 610,644 609,644 581,652 576,653 573,652 554,644 553,644 552,644 514,651 500,645 499,645 498,645 454,654 430,647 429,647 428,647 427,647 408,656 406,658 366,658 364,657 343,649 343,649 342,649 341,649 325,656 290,654 289,654 288,654 287,654 282,659 261,651 260,651 260,651 259,651 232,661 231,661 230,661 193,653 192,653 93,654 92,654 91,654 82,663 51,665 52,689"/>
        <pc:Baseline points="52,689 761,673"/>
        <pc:TextEquiv index="0">
          <pc:Unicode>dieſen unerwarteten Beſuch wußte er nicht</pc:Unicode>
        </pc:TextEquiv>
      </pc:TextLine>
      <pc:TextLine id="eSc_line_7abaac0e" custom="structure {type:default;}">
        <pc:Coords points="58,747 58,766 92,760 137,764 138,764 139,764 140,764 156,752 218,762 219,762 220,762 221,762 238,750 274,758 275,758 276,758 302,748 329,748 345,757 346,757 347,757 390,748 407,757 408,757 409,757 447,756 448,756 449,756 466,745 487,749 488,749 547,740 679,740 703,748 704,748 705,748 735,741 761,747 762,728 760,705 695,706 693,705 677,697 677,697 676,697 675,697 660,701 644,695 643,695 642,695 641,695 614,706 608,709 508,711 499,706 489,702 488,702 487,702 486,702 465,707 445,712 422,707 391,702 390,702 389,702 388,702 382,708 375,715 349,716 335,709 334,709 333,709 310,713 292,709 277,706 276,706 275,706 261,709 258,710 250,709 227,706 226,706 225,706 224,706 219,710 215,713 203,710 193,707 192,707 191,707 121,709 120,709 114,711 91,718 81,711 80,711 79,711 78,711 56,711 58,747"/>
        <pc:Baseline points="58,747 518,732 762,728"/>
        <pc:TextEquiv index="0">
          <pc:Unicode>genug auszudrücken. Eben da er uns er⸗</pc:Unicode>
        </pc:TextEquiv>
      </pc:TextLine>
      <pc:TextLine id="eSc_line_d0a58313" custom="structure {type:default;}">
        <pc:Coords points="62,797 62,820 74,815 85,820 87,820 88,820 89,820 108,819 152,815 153,815 154,815 169,804 200,816 202,817 203,817 204,817 205,817 207,816 239,802 282,803 310,812 311,812 312,812 312,812 350,800 369,812 370,812 371,812 372,812 417,811 452,810 453,810 454,810 478,796 575,796 588,802 589,802 590,802 591,802 623,793 658,798 659,798 704,790 735,803 736,803 737,803 763,802 763,780 762,758 735,749 734,749 733,749 700,751 699,751 698,751 689,758 689,759 597,760 533,761 514,753 513,753 512,753 511,753 483,763 479,764 475,763 457,758 456,758 455,758 454,758 453,758 448,761 381,756 380,756 352,758 351,758 350,758 340,766 339,767 336,766 317,758 316,758 315,758 314,758 302,764 288,758 287,758 286,758 285,758 284,758 272,767 269,769 256,768 219,761 218,761 218,761 191,769 182,771 176,769 158,762 157,762 156,762 156,762 136,769 72,764 71,764 70,764 69,764 60,769 62,797"/>
        <pc:Baseline points="62,797 546,783 763,780"/>
        <pc:TextEquiv index="0">
          <pc:Unicode>zählte, daß er 2 Ruſſiſche Soldaten erwarte,</pc:Unicode>
        </pc:TextEquiv>
      </pc:TextLine>
      <pc:TextLine id="eSc_line_4ecd2a11" custom="structure {type:default;}">
        <pc:Coords points="60,851 61,866 73,860 155,859 161,863 166,868 167,868 168,868 169,869 182,869 182,868 183,868 184,868 194,862 200,858 248,858 251,860 260,866 260,866 261,866 262,866 304,865 305,865 306,865 315,858 321,853 333,857 351,863 352,863 353,864 388,864 388,863 416,860 417,860 418,860 425,854 431,851 458,853 495,857 496,857 534,851 553,848 559,850 578,859 579,859 580,859 581,859 582,859 595,849 599,846 634,846 637,848 655,857 656,857 656,857 718,856 718,856 759,843 759,835 756,810 741,810 740,810 721,800 720,800 719,800 718,800 692,810 634,802 633,802 632,802 631,802 614,813 594,806 593,806 593,806 592,806 591,806 582,814 581,815 549,816 528,816 527,815 511,807 510,807 510,807 509,807 508,807 495,816 485,809 484,809 483,809 454,807 453,807 427,809 427,809 426,809 411,818 410,819 377,819 375,819 353,812 352,812 351,812 350,812 335,817 315,810 314,810 313,810 312,810 312,810 302,816 269,812 268,812 267,812 266,812 256,821 243,813 242,813 241,813 240,813 219,815 218,815 206,822 197,816 196,816 195,816 194,816 193,816 168,822 141,813 140,813 139,813 86,816 85,816 59,825 60,851"/>
        <pc:Baseline points="60,851 759,835"/>
        <pc:TextEquiv index="0">
          <pc:Unicode>wurde ihm durch einen Boten die Nachricht</pc:Unicode>
        </pc:TextEquiv>
      </pc:TextLine>
      <pc:TextLine id="eSc_line_3cfed05e" custom="structure {type:default;}">
        <pc:Coords points="58,904 58,917 85,917 99,925 100,925 101,925 102,925 103,925 134,916 140,915 146,916 192,927 193,927 225,924 226,924 227,924 236,916 237,915 238,916 251,925 252,925 253,925 254,926 284,926 284,925 285,925 302,916 310,913 352,915 353,915 375,911 382,916 390,923 391,923 392,923 393,924 417,924 417,923 418,923 419,923 427,916 437,909 513,909 535,916 536,916 537,916 538,916 539,916 540,916 556,908 583,916 594,919 595,919 596,919 645,918 645,918 650,916 676,904 718,905 739,915 739,915 740,916 781,916 781,889 781,860 773,855 772,855 771,855 770,855 739,860 677,855 676,855 675,855 646,863 502,865 468,859 467,859 406,867 383,861 382,861 381,861 380,861 362,866 334,862 333,862 298,869 241,863 240,863 149,872 105,866 104,866 57,874 58,904"/>
        <pc:Baseline points="58,904 781,889"/>
        <pc:TextEquiv index="0">
          <pc:Unicode>überbracht, daß er dieſesmal von Einquartierung</pc:Unicode>
        </pc:TextEquiv>
      </pc:TextLine>
      <pc:TextLine id="eSc_line_7c667e81" custom="structure {type:default;}">
        <pc:Coords points="60,955 60,965 83,976 83,976 84,976 110,976 110,976 135,975 135,975 159,964 162,962 197,962 209,964 228,966 229,966 260,964 281,962 286,964 296,968 297,968 298,968 321,964 337,960 344,964 348,966 349,966 350,966 364,964 370,963 371,964 379,969 380,969 381,969 382,969 383,969 402,964 406,963 410,964 440,969 441,969 442,969 453,964 468,956 505,956 534,964 541,965 541,965 542,965 547,964 574,954 675,953 697,964 701,965 702,965 703,965 772,963 772,942 770,917 745,917 737,910 736,910 735,910 734,910 668,911 667,911 666,911 654,919 585,919 570,913 569,913 568,913 567,913 545,920 487,914 486,914 455,922 454,922 451,922 375,919 375,919 320,924 293,918 292,918 291,918 274,924 195,921 194,921 168,926 156,921 156,921 120,921 119,921 118,921 117,921 107,927 59,928 60,955"/>
        <pc:Baseline points="60,955 772,942"/>
        <pc:TextEquiv index="0">
          <pc:Unicode>verſchont bleiben werde; worüber ſeine u unſre</pc:Unicode>
        </pc:TextEquiv>
      </pc:TextLine>
      <pc:TextLine id="eSc_line_8a1b12d7" custom="structure {type:default;}">
        <pc:Coords points="62,1008 62,1024 131,1022 139,1024 149,1027 150,1027 151,1027 152,1027 153,1027 156,1024 159,1020 182,1020 187,1023 193,1028 194,1028 195,1028 246,1031 247,1031 248,1031 260,1027 284,1030 285,1030 286,1030 287,1030 296,1025 312,1029 312,1029 313,1029 314,1029 315,1029 329,1021 330,1021 345,1021 354,1028 355,1028 356,1028 357,1028 434,1027 435,1027 448,1019 458,1014 471,1018 478,1021 479,1021 479,1021 480,1021 490,1018 500,1016 505,1018 516,1024 517,1024 518,1025 531,1025 531,1024 532,1024 533,1024 541,1018 548,1012 583,1016 583,1016 613,1010 628,1017 632,1018 633,1018 634,1018 635,1018 640,1016 668,1008 681,1016 688,1020 689,1020 690,1020 691,1020 692,1020 693,1020 699,1015 704,1011 709,1015 716,1019 717,1019 718,1019 718,1019 756,1014 757,994 755,968 700,961 699,961 698,961 683,969 682,969 672,965 671,965 670,965 615,970 583,973 562,971 521,966 520,966 520,966 501,972 490,975 480,972 471,969 470,969 469,969 468,969 468,969 463,972 458,976 432,973 396,968 395,968 395,968 375,974 356,979 283,979 267,975 262,974 261,974 260,974 260,974 254,975 231,981 203,976 190,974 189,974 156,976 113,980 104,977 99,976 98,976 97,976 60,977 62,1008"/>
        <pc:Baseline points="62,1008 270,1008 757,994"/>
        <pc:TextEquiv index="0">
          <pc:Unicode>Freude um ſo höher ſtieg. Dieſer Ort, durch</pc:Unicode>
        </pc:TextEquiv>
      </pc:TextLine>
      <pc:TextLine id="eSc_line_6104bf2f" custom="structure {type:default;}">
        <pc:Coords points="62,1061 63,1083 82,1074 99,1082 108,1086 109,1086 110,1086 111,1086 112,1086 118,1081 127,1075 139,1080 140,1080 141,1080 179,1072 204,1079 205,1079 206,1079 208,1079 257,1070 276,1075 277,1075 278,1075 279,1075 297,1070 306,1076 315,1081 316,1081 317,1081 318,1082 351,1082 351,1081 352,1081 353,1081 362,1074 364,1071 369,1073 386,1080 387,1080 388,1080 503,1079 504,1079 526,1072 541,1078 541,1078 542,1078 543,1078 562,1068 563,1067 608,1064 625,1064 627,1065 641,1076 642,1076 643,1076 644,1076 645,1076 685,1063 687,1062 763,1060 763,1049 760,1018 697,1028 661,1022 660,1022 659,1022 639,1028 569,1024 552,1023 551,1023 550,1023 549,1023 549,1024 548,1025 541,1030 521,1025 516,1024 515,1024 514,1024 513,1024 508,1026 489,1032 379,1033 370,1029 358,1026 357,1026 356,1026 308,1027 307,1027 291,1032 288,1033 283,1032 256,1028 255,1028 218,1034 205,1037 193,1035 159,1030 158,1030 157,1030 156,1030 148,1037 146,1038 145,1037 129,1030 128,1030 127,1030 82,1031 81,1031 61,1039 62,1061"/>
        <pc:Baseline points="62,1061 398,1059 763,1049"/>
        <pc:TextEquiv index="0">
          <pc:Unicode>welchen eine Landſtraße geht, hatte bey den</pc:Unicode>
        </pc:TextEquiv>
      </pc:TextLine>
      <pc:TextLine id="eSc_line_40669509" custom="structure {type:default;}">
        <pc:Coords points="65,1114 65,1126 120,1138 121,1138 122,1138 146,1125 193,1125 212,1136 213,1136 214,1136 215,1136 249,1132 250,1132 250,1132 260,1123 296,1123 320,1134 321,1134 322,1135 349,1135 349,1134 350,1134 373,1123 451,1128 452,1128 453,1128 465,1122 479,1131 480,1131 481,1131 519,1132 520,1132 520,1132 545,1119 592,1119 615,1130 616,1130 617,1130 648,1124 689,1129 690,1129 760,1115 760,1102 759,1072 723,1072 722,1072 721,1072 720,1072 702,1080 652,1074 651,1074 650,1074 624,1084 601,1077 600,1077 599,1077 598,1077 575,1086 538,1086 516,1078 515,1078 514,1078 513,1078 496,1087 454,1087 441,1081 440,1081 439,1081 438,1081 437,1081 431,1086 420,1079 419,1079 418,1079 417,1079 416,1079 398,1089 349,1089 324,1080 323,1080 322,1080 322,1080 321,1080 309,1089 281,1089 266,1080 265,1080 264,1080 249,1080 248,1080 247,1080 246,1080 237,1088 211,1091 156,1081 155,1081 154,1081 64,1082 65,1114"/>
        <pc:Baseline points="65,1114 440,1112 760,1102"/>
        <pc:TextEquiv index="0">
          <pc:Unicode>Kriegsunruhen beſonders durch die häufige</pc:Unicode>
        </pc:TextEquiv>
      </pc:TextLine>
      <pc:TextLine id="eSc_line_77f9100f" custom="structure {type:default;}">
        <pc:Coords points="66,1169 66,1181 132,1180 135,1181 153,1185 154,1185 155,1185 156,1185 176,1180 182,1179 217,1180 229,1180 268,1194 269,1194 270,1194 286,1193 287,1193 315,1179 321,1176 329,1179 368,1192 369,1192 370,1192 422,1191 423,1191 460,1177 473,1174 508,1174 513,1177 529,1188 530,1188 531,1188 531,1188 641,1186 642,1186 677,1175 694,1171 708,1175 735,1184 736,1184 737,1185 759,1185 759,1184 760,1184 781,1174 781,1157 779,1133 733,1126 732,1126 731,1126 730,1126 720,1133 719,1134 715,1133 677,1127 677,1127 676,1127 656,1134 655,1135 654,1134 645,1129 645,1129 644,1129 643,1129 642,1129 628,1134 625,1137 565,1137 555,1135 525,1130 524,1130 455,1132 454,1132 453,1132 446,1137 444,1137 425,1132 424,1132 423,1132 422,1132 417,1137 416,1138 408,1137 372,1132 371,1132 370,1132 356,1138 348,1142 319,1143 288,1143 282,1139 276,1134 275,1134 274,1134 273,1134 272,1134 256,1139 243,1143 65,1142 66,1169"/>
        <pc:Baseline points="66,1169 369,1167 781,1157"/>
        <pc:TextEquiv index="0">
          <pc:Unicode>Einquartierung ruſſiſcher Truppen, ſowie durch</pc:Unicode>
        </pc:TextEquiv>
      </pc:TextLine>
      <pc:TextLine id="eSc_line_a7aa146a" custom="structure {type:default;}">
        <pc:Coords points="62,1222 62,1235 136,1246 137,1246 138,1246 139,1246 158,1234 161,1232 177,1232 193,1232 196,1234 208,1242 208,1242 209,1242 246,1243 247,1243 248,1243 249,1243 260,1233 264,1230 278,1233 328,1241 329,1241 361,1240 362,1240 363,1240 373,1231 375,1231 404,1239 405,1239 406,1239 406,1239 423,1231 425,1229 427,1231 437,1237 438,1237 439,1237 440,1238 474,1238 474,1237 475,1237 489,1230 499,1225 509,1229 510,1229 510,1229 511,1229 512,1229 521,1224 543,1229 552,1231 553,1231 564,1229 597,1222 609,1228 619,1234 620,1234 621,1234 651,1233 652,1233 663,1227 678,1219 755,1219 770,1226 771,1207 769,1178 737,1185 718,1180 718,1180 715,1180 663,1180 662,1180 661,1180 656,1182 623,1192 602,1183 600,1183 599,1183 598,1183 597,1183 595,1184 571,1194 426,1196 406,1189 396,1186 395,1186 395,1186 394,1186 381,1190 354,1198 333,1192 320,1188 319,1188 318,1188 281,1189 281,1189 280,1189 273,1194 269,1197 235,1201 216,1195 209,1194 208,1194 208,1194 195,1196 164,1203 136,1198 110,1194 109,1194 62,1200 62,1222"/>
        <pc:Baseline points="62,1222 267,1221 771,1207"/>
        <pc:TextEquiv index="0">
          <pc:Unicode>Mißhandlung u Erpreſſungen vieles zu leiden</pc:Unicode>
        </pc:TextEquiv>
      </pc:TextLine>
      <pc:TextLine id="eSc_line_3cda7dd2" custom="structure {type:default;}">
        <pc:Coords points="69,1274 69,1298 105,1298 105,1297 106,1297 107,1297 108,1296 124,1285 164,1294 165,1294 166,1294 166,1294 187,1283 248,1282 273,1291 280,1293 281,1293 281,1293 313,1289 335,1288 348,1288 371,1291 372,1291 373,1291 380,1288 387,1284 393,1288 397,1290 398,1290 399,1290 400,1290 454,1289 455,1289 456,1289 460,1286 470,1278 489,1278 504,1284 513,1288 514,1288 515,1288 516,1288 527,1283 542,1278 566,1282 590,1287 591,1287 592,1287 593,1287 599,1281 607,1275 667,1279 713,1282 714,1282 715,1282 716,1282 721,1278 729,1273 764,1276 765,1262 763,1239 624,1241 602,1234 601,1234 600,1234 566,1241 553,1236 552,1236 552,1236 551,1236 540,1241 383,1238 382,1238 381,1238 356,1247 338,1239 337,1239 336,1239 335,1239 322,1246 293,1240 292,1240 291,1240 276,1248 264,1248 244,1249 243,1249 230,1242 229,1242 229,1242 201,1243 200,1243 199,1243 199,1244 192,1250 191,1250 187,1250 124,1244 123,1244 68,1252 69,1274"/>
        <pc:Baseline points="69,1274 576,1262 765,1262"/>
        <pc:TextEquiv index="0">
          <pc:Unicode>gehabt, u war ſelbſt jetzt noch nicht von allen</pc:Unicode>
        </pc:TextEquiv>
      </pc:TextLine>
      <pc:TextLine id="eSc_line_44660204" custom="structure {type:default;}">
        <pc:Coords points="65,1325 65,1350 115,1350 115,1349 116,1349 120,1348 141,1340 166,1342 166,1342 167,1342 168,1342 176,1336 192,1345 196,1347 197,1347 197,1348 230,1348 230,1347 231,1347 232,1347 237,1344 247,1338 264,1343 274,1346 275,1346 276,1346 277,1346 291,1342 325,1332 353,1337 354,1337 410,1330 439,1338 457,1341 458,1341 458,1341 476,1336 502,1329 566,1333 580,1334 581,1334 582,1334 583,1334 584,1333 594,1326 679,1325 687,1330 697,1337 697,1337 698,1337 699,1337 753,1335 754,1335 772,1327 772,1311 770,1290 739,1290 738,1290 724,1280 723,1280 722,1280 698,1280 697,1280 697,1280 677,1290 675,1292 655,1292 648,1291 614,1282 614,1282 613,1282 577,1288 552,1284 551,1284 550,1284 531,1292 525,1296 484,1296 479,1292 471,1288 470,1288 469,1288 447,1287 446,1287 445,1287 419,1293 401,1298 385,1293 378,1291 377,1291 376,1291 364,1294 341,1299 270,1300 259,1295 250,1290 250,1290 249,1290 205,1292 204,1292 203,1292 199,1295 187,1302 174,1295 166,1292 166,1292 165,1292 64,1296 65,1325"/>
        <pc:Baseline points="65,1325 330,1323 772,1311"/>
        <pc:TextEquiv index="0">
          <pc:Unicode>Laſten befreyt, indem viele aus den Laza⸗</pc:Unicode>
        </pc:TextEquiv>
      </pc:TextLine>
      <pc:TextLine id="eSc_line_72d6adc4" custom="structure {type:default;}">
        <pc:Coords points="62,1378 62,1392 81,1391 84,1392 104,1403 104,1403 105,1403 106,1403 125,1394 153,1402 154,1402 155,1402 223,1401 248,1398 249,1398 250,1398 260,1390 263,1387 289,1389 298,1390 310,1400 311,1400 312,1400 312,1400 313,1400 341,1388 343,1388 354,1388 406,1391 407,1391 408,1391 416,1387 424,1383 510,1383 514,1385 525,1391 526,1391 527,1391 528,1391 529,1391 536,1385 541,1382 554,1382 559,1385 571,1391 572,1391 572,1391 573,1391 585,1388 614,1394 614,1394 615,1394 616,1394 630,1383 633,1382 640,1383 669,1392 670,1392 671,1392 717,1387 748,1392 749,1392 750,1392 750,1392 765,1382 765,1365 762,1334 733,1335 732,1335 701,1347 661,1337 654,1336 653,1336 634,1338 550,1350 496,1343 466,1340 465,1340 464,1340 448,1345 437,1348 416,1346 398,1344 397,1344 396,1344 395,1344 393,1347 385,1352 351,1352 342,1349 324,1342 323,1342 322,1342 250,1343 196,1353 180,1356 164,1354 106,1349 105,1349 104,1349 104,1349 90,1357 88,1359 61,1359 62,1378"/>
        <pc:Baseline points="62,1378 765,1365"/>
        <pc:TextEquiv index="0">
          <pc:Unicode>rethen zurückkehrende Soldaten beherbergt u</pc:Unicode>
        </pc:TextEquiv>
      </pc:TextLine>
      <pc:TextLine id="eSc_line_492dd2d2" custom="structure {type:default;}">
        <pc:Coords points="717,1417 716,1443 738,1443 742,1446 748,1452 748,1453 749,1453 750,1453 750,1453 771,1451 773,1419 773,1384 717,1383 717,1417"/>
        <pc:Baseline points="717,1417 773,1419"/>
        <pc:TextEquiv index="0">
          <pc:Unicode>ver⸗</pc:Unicode>
        </pc:TextEquiv>
      </pc:TextLine>
    </pc:TextRegion>
  </pc:Page>
</pc:PcGts>
