1000 1642
69 124 717 188 Beſuch in Mähren, April 1806.
738 124 801 176 79.
101 207 758 272 Hier dachten wir mit Beſchämung u Freude
56 260 755 327 an unſern ſchönen Auftrag; wir dankten
52 321 760 379 dem Heiland, u ſegneten in unſern Herzen
54 371 766 435 jene theuren u edeln Menſchenfreunde, durch
54 427 774 490 welche wir in dem Stand geſetzt worden waren,
49 477 760 540 der drückende Noth u Armuth unſrer Mit⸗
53 532 761 596 brüder zu Hülfe zu kom̅en u ihre Beküm⸗
54 588 763 649 merniß u Verlegenheit in Freudenthränen
57 636 757 701 zu verwandeln. Wir erkundigten uns nach
52 693 761 760 den dürftigſten unter ihnen, u mit gerühr⸗
56 752 769 811 tem Herzen ſpendeten wir im Namen jener
58 804 760 869 wohlthätigen Geſellſchaft einige milde Gaben
59 858 763 921 unter ſie aus. Gott Lob! hieß es nach einer
62 908 760 972 ſtaunenden Verwunderung, wiederum ein
60 961 762 1023 Beweis, wie unſer guter Heiland auf das
64 1015 772 1080 Niedrige ſieht, u keines, das Jhm vertraut, zu
62 1070 768 1131 Schanden werden läßt. Stille Zähren, die die
63 1122 781 1185 unſern reizten, folgten dieſen Worten. Unſre
63 1177 775 1232 alten Brüder Pudmensky u Matth. Peter von
65 1226 778 1287 Seidendorf waren nebſt noch drey andern unſ⸗
64 1281 776 1340 rer Bekan̅ten bey Gelegenheit gegenwärti⸗
72 1335 764 1400 ger Epidemie vom Heiland heimberufen
657 1389 770 1444 worden
