1000 1641
79 100 641 169 Colonien an der Wolga.1805.
706 107 782 154 271.
44 175 731 247 des Paſt. Jauch, den ich unterdeſſen aus
46 230 723 299 dem Geſicht verloren hatte, nicht weni⸗
43 295 721 360 ger besorgt war, als um das meinige,
43 339 726 411 u. eine geheime Verpflichtung fühlte, daſ⸗
47 398 720 464 ſelbe mit ihm zu theilen; ſo machte ich nur
49 452 699 522 ſchwache Anſtrengungen, mich aus den
47 506 717 578 Händen meines  Führers, der mich vorn
47 557 724 629 am Ueberrrock hielt, zu befreyen. Da ich
52 613 712 679 mich gleichwol weigerte, dem Räuber ſo
56 670 730 738 geſchwind als er es wolte, zu folgen, u. ich,
52 721 728 794 ehe wir ganz zum Walde kamen, mich noch
54 778 726 844 einmal umſah, u. aus allen Kräften um
52 824 746 904 Hülfe ſchrie; ſo gab er mir mit ſeinem Mord⸗
58 886 718 954 inſtrumente einen zweyten Schlag auf
59 937 735 1007 den Kopf, der mich ſo betäubte, daß ich zur
57 995 737 1066 Erde fiel. Doch ſprang ich gleich wieder auf,
58 1048 739 1113 u. blieb meiner Sinnen noch mächtig. Jndeß
62 1101 740 1173 fühlte ich nun, wie geſchwind es bey fortge⸗
64 1161 743 1228 ſezter Gegenwehr um mein Leben gethan
65 1216 731 1280 seyn könte. Jch ergab mich daher in mein
62 1264 739 1340 Schickſal, in welches ich mich bisher noch im⸗
62 1314 736 1391 mer nicht hatte finden kön̅en, u. empfahl
659 1364 729 1423 mich
