1000 1642
73 120 738 172 Von Stockholm 1801, 1802 u 1803.
753 125 819 177 45.
70 195 756 265 u Uhyſt erzogen worden, u kam im Som̅er
67 248 758 322 1799 hieher zurück, worauf er ſeine Studien
68 301 759 374 noch einige Zeit auf der Univerſität zu Up⸗
72 359 750 427 ſala fortſetzte. Er nahm hierauf ein Amt
70 412 763 487 beym hieſigen Hofgericht, u erwarb ſich durch
75 467 756 537 ſeine Kenntniſſe, ſeinen Fleiß u ganzes
72 518 763 589 Betragen vorzüglichen Beyfall bey allen,
72 576 775 642 die ihn kan̅ten. Bey dem verderblichen Ein⸗
75 624 767 701 fluß, welchen das verführeriſche Beyſpiel
73 685 775 751 der Welt auf ſein jugendliches Gemüth hatte,
77 741 774 802 war er nicht ruhig, u er redete einigemal
76 789 776 856 mit einem Bruder offenherzig über ſeinen
78 843 769 912 Seelenzuſtand aus. Seine letzte Krankheit,
80 896 773 966 die ein Nervenfieber war, überfiel ihn
80 950 780 1020 mit ſolcher Heftigkeit, daß er bald alle Be⸗
83 1004 779 1073 sin̅ung. verlor. Jn dieſem Zuſtande traf ihn
83 1053 785 1120 Br. Stählin am Tage vor ſeinem Ende, da
86 1108 785 1175 dan̅ der Kranke nur noch in einem herzli⸗
88 1165 789 1232 chen Gebete dem ewigen Erbarmen, das alles
83 1215 782 1278 denken überſteigt, empfohlen werden kon̅te.
150 1264 776 1331 Am 21ſten Merz entſchlief die Frau
92 1317 784 1389 Gustava Rön̅ow geborne Dalberg, im 27ſten
712 1374 788 1430 Jahre
