1000 1640
38 105 752 155 Schreiben des Br. Verbeek, Philadelphia 1806.
759 114 820 173 147.
46 180 751 248 von Bord zu bekom̅en, macht uns auf dem
46 232 748 307 Cuſtomhouſe viel Weitläuftigkeiten ſeit heute
45 291 744 356 Morgen, da geſtern, am Son̅tag, nichts in
45 343 748 410 der Sache zu thun war; u doch werden wir
45 397 744 467 vor morgen Mittag wol kaum zum Zweck
53 463 231 523 gelangen.
93 505 753 571 Nun bisher hat der Herr ſehr gnädig geholfen;
51 560 752 628 wir wollen nicht zweifeln, daß Er es auch weiter⸗
51 621 311 677 hin thun werde.
110 661 746 735 Hier hat man uns erſt in 8 bis 14 Tagen
58 721 752 789 erwartet, indeſſen fanden wir doch ein kurzes
60 779 749 844 herzliches Bewillkom̅ungsſchreiben von Br.
64 832 759 897 Loskiel aus Bethlehem hier ſchon vor, mit
65 881 759 951 der Verſicherung, „daß dort nichts als Liebe u
58 940 492 1001 Vertrauen unſrer Worte“.
110 988 783 1057 Da wir ſo lange in der Elbe liegen mußten,
68 1045 786 1108 ſo unterhielten wir im̅er noch einige Hoffnung,
64 1096 761 1153 daß Br. Bechler uns vielleicht doch noch er⸗
67 1148 752 1214 reichen würde. Dieſe war aber vergeblich.
69 1195 761 1266 Und obgleich noch 2 Coyen in der Cabine unſers
72 1255 759 1321 Schiffes übrig waren, ſo hätten wir doch manche
71 1307 742 1376 Unbequemlichkeit mehr gehabt, wen̅ unſrer
668 1359 746 1418 mehr
