1000 1643
167 124 252 182 128.
246 244 908 314 No. 6 des erſten Theiles der Ge⸗
237 310 676 372 mein⸗Nachrichten 1806.
235 495 902 542 Schreiben des Br. Peter Kluge an die
232 547 910 602 Helfer⸗Conferenz fürs Ganze in Bethlehem,
224 597 890 658 d. d. White-River d. 1ſten April1806.
231 682 913 742 Seit meinem letzten Schreiben haben ſich unſre
225 738 913 796 hieſigen Umſtände ſehr verſchlim̅ert, wodurch wir
220 795 918 850 in eine ſolche traurige Lage verſetzt worden ſind,
216 840 941 909 als noch nie zuvor. Noch jetzt, da ich dieſes ſchreibe,
217 898 915 960 fühlen wir uns ganz außer Stand, etwas zu
216 952 912 1011 denken oder zu thun, weil unſre Herzen noch zu
219 1004 917 1067 ſehr von Wehmuth u Jam̅er durchdrungen u ganz
216 1058 914 1119 troſtlos ſind. Aus folgender traurigen Geſchichte
211 1104 912 1165 werdet Jhr, liebſte Brüder! am beſten urtheilen
211 1161 914 1218 kön̅en, wie uns dermalen zu Muthe iſt. An⸗
212 1215 908 1277 fang Februars mußten ſich auf Anſtiften der
214 1269 905 1334 heidniſchen Lehrer /: oder Lügenpropheten :/ alle
211 1325 916 1386 Jndianer aus unſrer Gegend in Woapikamikunk
853 1395 927 1448 ver⸗
