1000 1640
105 109 628 166 d. d. Gnadau. Oct. 1806.
670 114 765 174 255.
41 183 711 259 ſahen wir gegen 9. Uhr Morgens die
36 244 684 317 erſten Franzöſiſchen Truppen beſte⸗
36 296 675 373 hend aus einem Piquet Chaſseurs
36 350 706 421 von 5. Man̅, welche ſogleich eine Con⸗
34 415 721 480 tribution von 30. Carolinen forderten,
41 467 718 543 ſich endl. aber doch mit 25. begnügten
39 527 691 590 u. dan̅ fortritten. Nachmittags aber
38 585 690 645 wurden 800. Man̅ Dragoner zum
38 638 712 710 Nachtquartier angeſagt, die auch ge-
41 691 726 758 gen 4. Uhr ſchon da waren, u. nebſt
37 748 729 811 einem General u. 2. Oberſten, nebſt
38 795 727 871 40. Officiers, zuſam̅en gegen 900 Per⸗
41 860 728 928 ſonen u. etwa 1000. Pferde ausmachten.
40 912 733 985 Wie wir dieſe Nacht ſind durchgebracht
43 973 716 1036 u. vor weſentl.m Schaden bewahrt wor⸗
45 1023 703 1096 den, das iſt uns noch ſelbſt unbegreifl.,
46 1085 715 1147 u. ledigl. der verborgenen Hand Got⸗
46 1139 723 1207 tes zuzuſchreiben, die über uns u. unſ⸗
48 1190 717 1263 re Häuſer gewacht hat. Jndeß belau⸗
47 1246 717 1315 fen ſich die Unkoſten dieſer Nacht al⸗
47 1302 719 1372 lein nur nach einem ungefähren Ue⸗
