1000 1640
714 102 786 150 153.
78 168 726 241 No 8. des Erſten Theils der Ge⸗
247 225 655 296 mein⸗Nachrichten.
350 276 460 339 1806.
84 340 725 407 Aus den Berichten einiger zum Di⸗
64 389 738 454 ſtrict von Bethlehem gehörigen Stadt⸗
60 451 689 505 und Landgemeinen, vom Jahr 1804.
88 505 747 568 Am 5t May wurden die Geſchw. Brauns
60 555 738 619 in Staten-Island von Herrn Moore, ei⸗
59 609 731 680 nem Prediger der Engliſchen Kirche, auf
61 669 728 733 den folgenden Tag in ſeine Kirche einge⸗
59 711 722 781 laden, da er im Sinn habe, dem unlängſt
64 766 732 836 in Bethlehem entſchlafenen Br. Möhring,
64 829 725 895 welcher zunächſt vor dem Br. Braun die
61 871 749 944 Brüdergemeine in Staten-Island bedient
69 929 737 1004 hatte, eine Gedächtniß⸗Predigt zu halten.
67 990 742 1055 Dem zufolge begaben ſich Geſchw. Brauns
68 1043 752 1105 am 6t May nach Richmond, wo Herr Moore
68 1096 758 1163 eine evangeliſche u. erbauliche Predigt über
71 1153 750 1215 2. Tim. 4, 7. 8. Jch habe einen guten Kampf
73 1207 749 1272 gekämpft p. hielt. Zum Schluß wendete
73 1252 742 1323 er dieſe Worte auf das Leben u. die Ar⸗
72 1304 741 1391 beit des ſel. Br. Möhring an, welcher viele
670 1344 744 1433 Jah⸗
