1000 1643
200 114 284 162 164.
385 95 870 164 Bethlehem, Nazareth
227 177 915 246 Schwagers des Herrn Weiſs bey Gna⸗
228 240 917 297 denhütten an der Mahony an den Fol⸗
228 289 915 359 gen eines Nervenſchlages ſehr ſchnell
227 349 913 413 aus der Zeit gegangen war, hieher ge⸗
227 404 915 464 bracht, u. auf die dringende Bitte ſeiner
228 452 915 517 hinterlaſſenen Witwe, welche zur Gemei⸗
225 502 885 569 ne in Philadelphia gehört, am 5t Dec.
225 558 899 625 auf unſerm Gottesacker beerdigt. Von
223 614 895 680 den Lebensumſtänden des Entſchlafenen
221 671 908 734 konte nur ſo viel angeführt werden, daß
222 724 910 789 er in Petersburg in Rußland im Jahr 1738.
223 786 905 847 geboren, u. von ſeinen Eltern in der Lu⸗
221 831 894 902 theriſchen Religion erzogen worden iſt.
223 896 890 957 Jn ſeiner frühern Jugend nahm ihn un⸗
220 950 881 1012 ſer lieber Br. Jeremias Risler, welcher
219 1006 903 1069 damals Prediger in Petersburg war, zur
221 1060 894 1127 Erziehung u. zum Unterricht zu ſich, und
221 1114 884 1183 behielt ihn 2 Jahr in ſeiner Wohnung u.
218 1175 885 1234 an ſeinem Tiſche. Nachher ſtudirte er in
215 1218 902 1278 Halle Medicin, u. wurde bey ſeiner Rück⸗
216 1277 894 1337 kunft nach Petersburg von der Kayſerin
218 1323 894 1393 Catharina der Zweiten bey den nach Sibi⸗
828 1376 905 1415 rien
