1000 1642
186 103 283 161 350.
283 99 904 177 Diarium von Gracehill in Jrland
229 177 924 245 übrigen Verſam̅lungen an dieſem Jubel⸗
225 239 918 301 tage waltete ein beſonders Gefühl der
222 294 929 362 Gnade Gottes, u. wir hegen die lebhafteſte
219 353 901 407 Hofnung, daß eine neue Gnadenperiode
225 402 932 463 für Ballinderry heranrükt. Die Geſchwiſter
224 457 925 523 haben mit großer Willigkeit ihre Beyträge
224 515 919 576 zur Reparatur ihrer Capelle eingegeben.
222 569 904 628 Dieſelbe iſt nunmehr neu mit Stroh gedekt,
218 621 933 683 geweißt u. angeſtrichen, u. alles was dazu ge⸗
218 675 918 737 hört, befindet ſich in gutem Stande. Den fol⸗
216 727 939 791 genden Tag kehrten die Geſchwiſter wieder an
215 782 927 845 ihre Orte zurück, u. Br. Hartley begab ſich auf
211 844 926 901 eine Beſuchreiſe, wovon er folgendes berichtete:
239 894 908 953 D. 29 Merz ging ich über Lurgau u. Bann⸗
215 951 883 1010 bridge nach Newry, wo ich im Hauſe unſers
214 1001 909 1064 Freundes des HE. Bell übernachtete. ☉. d. 31t
213 1060 906 1121 Merz predigte ich im Markthauſe, welches
213 1111 931 1178 von HE. Bell zum Gebrauch für Evangeliſche
211 1168 900 1227 Prediger in Miethe genom̅en worden iſt,
211 1226 925 1281 wobey ich aber fürs erſtemal nicht über 100.
208 1276 925 1339 Zuhörer hatte. Jn einer zweiten Predigt des
207 1331 917 1400 Abends hatte ich ein deſto größeres Audito⸗
835 1385 918 1414 rium
