1000 1643
184 116 273 164 212.
320 105 821 187 Diaspora im Vogtland,
236 188 910 248 im̅er für ihn der beſte, wen̅ er nur
233 248 918 300 mit demſelben zufrieden iſt; u. ſo ver⸗
236 294 892 359 ſchieden auch die Stände ſind, ſo ſind die⸗
233 352 870 412 ſelben doch nach der weiſen Anordnung
232 401 905 469 Gottes nöthig. Jeder Beruf, den man ſich
232 462 894 524 entweder ſelbſt erwählt hat, oder zu
233 522 895 576 dem man unter der Leitung Anderer
233 575 922 640 zugezogen worden iſt, u. in welchem man
233 627 917 694 gegen Gott u. Menſchen Treue beweiſet,
231 684 917 746 iſt ein rechtmäßiger Beruf, u. für denje⸗
230 736 914 803 nigen, welcher ſich in demſelben befindet,
229 791 915 858 der beſte. Eine jede Religion in der Chri⸗
227 846 912 913 ſtenheit hat neben den Mißbräuchen, die
227 900 884 965 nicht gut ſind, doch auch dasjenige, wobey
226 959 915 1022 der Menſch, der zu derſelben gehört, glück⸗
224 1006 894 1070 lich u. ſelig leben u. ſterben kan. Dieſe
226 1064 910 1132 Hauptſache in jeder Chriſtlichen Religion
226 1122 911 1180 beſteht in dem lebendigen Glauben an Je⸗
222 1174 911 1235 ſum Chriſtum. Ohne dieſen kan man in kei⸗
223 1230 904 1295 ner Religion ſelig werden. Nun fragte
223 1282 872 1352 mich eine ebenfalls katholiſche Frau: ob
222 1340 906 1406 denn das ſündlich ſey, wen̅ man mit dem,
823 1391 904 1428 was
