1000 1640
45 109 766 172 Schreiben des Br. Verbeeks, Philadelphia 1806.
762 123 829 179 145.
47 188 730 257 viel langſamer ging, ſo daß erſt am 8ten
44 247 763 314 July Nachmittags Land geſehen wurde, u gerade
47 303 750 372 7 Wochen, nachdem uns der Europäiſche Loots
48 358 762 424 verlaſſen hatte, der Amerikaniſche an Bord
52 415 769 474 kam, der uns aber wegen Calms u widrigen
46 466 762 528 Windes nicht eher als am 10ten July an das
54 520 751 585 Cap May, wo wir in die Delaware⸗Bay
55 570 746 638 einfuhren, u zu der oberwähnten Zeit in
57 630 743 686 Philadelphia vor Anker bringen kon̅te.
116 684 766 742 Die Seekrankheit betreffend, ſo hatten
58 736 761 797 es die erſten drey Wochen die mehreſten
61 787 773 851 von uns ſchwer genug, u nur die Brr. Burk⸗
61 846 773 907 hardt, Peterſen u ich blieben gänzlich von
62 896 783 966 derſelben frey. Späterhin ging es auch darin
62 955 561 1018 leidlicher, u endlich ſehr gut.
132 1001 767 1064 Unſerm Captain kön̅en wir auch nicht
65 1053 785 1122 anders, als das beſte Zeugniß geben. Er war,
71 1111 769 1173 nachdem er uns erſt ein wenig beobachtet u
72 1171 779 1226 ken̅en gelernt hatte, ſehr freundſchaftlich gegen
69 1217 791 1281 uns, u that auch in Anſehung der Beköſtigung
74 1271 770 1326 uns mehr zu Liebe, als nach dem Contract
73 1320 799 1387 zu erwarten war, ſo viel es die Beſchaffenheit
670 1369 776 1430 ſeines
