1000 1641
140 113 212 177 46.
218 113 885 170 Von Stockholm 1801, 1802 u 1803.
204 199 887 257 Jahre ihres Alters. Sie war ein beſonderer
199 253 892 312 Beweis von der Hirtentreue des Heilandes,
198 306 899 361 der ſeine Schäflein mitten im Weltgetüm̅el
201 359 898 427 aufſucht, u ſie zu ſeiner Herde führt. Schon
201 415 893 477 in ihrer Kindheit war ſie von ihren Eltern
204 466 887 535 zur Gottesfurcht angehalten worden, u das
199 523 894 582 Wort Gottes, welches ſie damals fleißig las,
205 575 885 639 hatte auf ihr zartes Herz einen tiefen
202 627 884 696 Eindruck gemacht. Jn der Folge kam ſie
201 681 905 750 hierher nach Stockholm, u zwar in ein Haus,
203 738 892 797 wo ſie den Lockungen u Reizungen der
199 793 897 855 Welt blosgeſtellt war, welche für ſie, wegen
201 846 895 906 ihrer Jugend u einnehmenden Bildung, vor⸗
195 902 891 964 züglich gefährlich werden mußten. Sie gerieth
194 955 890 1013 darüber in große Angst u Unruhe, u wen̅
196 1008 879 1069 ſie allein war, ſo las ſie öfters in der
195 1058 895 1122 Bibel u in andern erbaulichen Büchern.
197 1114 882 1181 Hierüber wurde ſie ſehr verſpottet, ja
192 1168 888 1231 man ſuchte ſie mit Scherz u Ernst an der
191 1221 896 1280 Bibel irre zu machen. Aber gerade dieſer
191 1271 893 1337 Umſtand wurde, wie ſie in der Folge öfters
189 1327 895 1392 bezeugte, die erſte Veranlaſſung dazu, daß
844 1382 875 1419 ſie
