1000 1640
88 107 651 174 Colonien an der Wolga.1805.
683 111 768 174 261.
39 181 685 249 fahren zu kön̅en. Die ersten an der
38 235 711 307 groſſen Landstraſſe gelegenen Coloni⸗
36 295 675 360 en, zu welcher wir nun gelangten,
37 344 735 417 ſind ſämtlich katholiſch, u. gehören zu dem
33 405 731 471 Kirchſpiel von Kamenka. An leztgenan̅tem
36 453 713 522 Orte, wo wir zu Mittag ankamen, fanden
40 513 722 578 wir ganz unerwartet u. zu unſrer großen
41 560 716 632 Freude Geſchw. Steinman̅s, die uns von Po⸗
42 611 696 687 pofka, ihrem 35.Werſte weiter hinauf⸗
40 667 722 736 wärts gelegenen Wohnorte, bis hieher ent⸗
45 724 729 792 gegen gekom̅en waren. Jn ihrer Geſellſchaft
40 778 712 847 erreichten wir dan̅ Abends die ſchöne und
48 830 722 902 große Colonie Lesnoikaramisch, woſelbſt
45 884 721 954 wir von dem Paſtor Hiemer u. ſeiner Fa⸗
44 938 721 1007 milie ſehr liebreich aufgenom̅en wurden.
52 1003 710 1062 Den folgenden Tag, welches ein Sonntag
51 1055 731 1114 war, verbrachten wir an dieſem Orte, an
50 1101 721 1170 welchem ſich eine nicht unbeträchtliche So⸗
50 1158 710 1215 cietät befindet, die noch eine Frucht der
50 1208 729 1275 treuen Arbeit des ſel. Paſtor Seifarts iſt.
52 1261 723 1327 Vormittags legte Paſt. Hiemer an eine
56 1315 742 1387 zahlreiche Verſam̅lung ein ſchönes Zeugniß
663 1370 729 1423 von
