1000 1642
186 113 283 168 338.
283 102 916 166 Diarium von Gracehill in Jrland
232 195 928 254 junge Leute, die Kinder unſrer Geſchwi⸗
225 243 831 302 ſter ſind, haben das nemliche gethan.
226 294 927 355 D. 30ſten machten die Brr. Hartley u. Mont⸗
227 353 926 413 gom̅ery einen Weg von 11 bis 12 Meilen ge⸗
224 408 922 467 gen Norden, um unſre Geſchwiſter an der
222 461 924 520 Ballymoney⸗Straſſe zu beſuchen. Die Ar⸗
225 517 924 576 muth u. das Elend mancher unter ihnen er⸗
222 571 922 635 regte bey obgedachten Brüdern ganz eige⸗
220 682 915 741 kan ärmlicher ſeyn, als die Wohnungen
222 739 924 797 dieſer Leute. Bey einigen Hütten iſt der
218 793 927 855 einzige Eingang fürs Licht, u. der vornehm⸗
219 844 910 904 ſte Ausgang für den erſtickenden Rauch
221 898 902 958 die Thüre. Dabey bemerkt man jedoch mit
218 956 893 1014 Verwunderung, wie geſund u. friſch die
211 1007 899 1071 Kinder ausſehen, deren hauptſächlichſte
220 1064 904 1124 Nahrung in Kartoffeln u. Milch beſteht.
213 1117 924 1175 Manche von unſern Geſchwiſtern ſind indeß
218 1173 918 1234 etwas beßer eingerichtet, u. überall fin⸗
216 1226 926 1290 det man eine herzliche Aufnahme. Wenn
219 1285 915 1347 ihr Aeußeres auch oft wenig verſpricht, ſo
220 1340 912 1402 iſt doch bey gar manchen von ihnen wahre
832 1387 917 1442 Gna⸗
212 622 926 691 ne Empfindungen. Keine Eskimo⸗Hütte
