1000 1641
67 91 644 177 in ihr Chorhaus in Hhut. 1806.
694 98 784 154 315.
51 167 721 243 eine ſo herzzerſchmelzende Weiſe be⸗
53 226 731 303 gegnete, daß ſie am liebſten ſogleich hät⸗
52 279 718 346 ten niederfallen u. anbeten mögen. So
53 333 739 405 iſt auch die Angethanheit des Herzens, mit
55 388 736 462 welcher der ſel. Man̅ Gottes, Graf v. Zin⸗
57 446 739 520 zendorf, dieſes Haus eingeweiht u. ſeine
57 503 747 568 Einwohnerin̅en geſegnet hat, u. die Freuden⸗
56 556 736 628 thränen, die er hat fließen laßen, als er
55 607 739 684 den Einzug des Chores u. zugleich die Erfül⸗
57 662 733 732 lung ſeines vieljährigen ſehnlichen Wun⸗
61 717 746 789 ſches ſahe, allen denen unvergeßlich geblie⸗
59 773 739 844 ben, die zugegen waren. Auch für die ſel.
61 826 747 896 Jüngerin, Schw. An̅a Nitſchman̅, war es ein
62 877 743 948 großes Freudenfeſt, das Chor, mit dem ſie
57 934 754 1000 Ao 1730. einen kleinen u. geringen Anfang
63 992 751 1058 gemacht, u. welches ſie ſeitdem mit ſo vie⸗
59 1042 751 1113 ler Angelegenheit u. Gnade bedient hat⸗
63 1095 731 1166 te, nicht nur zahlreich vermehrt zu ſehen,
69 1155 749 1218 ſondern auch dieſes ſchön geräumige Frie⸗
69 1200 734 1272 denshaus einrichten u. ſelbſt einige Zeit
69 1264 489 1323 darin wohnen zu kön̅en.
108 1306 737 1381 Das freudenvolle Willkom̅s⸗Lmhl.
682 1352 741 1414 bey
