1000 1640
68 102 629 191 Erzgebürge, Franken p. 1805.
700 116 777 168 213.
37 185 717 253 was Gott einem zutheile, nicht vergnügt
33 235 716 308 ſey, ſondern noch mehr zu erlangen trach⸗
36 291 701 356 te? Dieſer antwortete ich: Wen̅ wir in
36 338 715 413 unſerm Berufe treu u. fleißig ſind, ſo ge⸗
37 399 701 463 win̅en wir die Liebe u. das Vertrauen
37 449 703 522 der Menſchen, u. dadurch verbeßern ſich
40 507 713 577 unſre Umſtände. Das nen̅t man Gottes
37 563 704 640 Segen. Wen̅ wir aber ängſtlich ſorgend
38 623 718 691 nach mehr Vermögen trachten, als uns auf
41 672 719 745 dem rechten Wege zufließt; ſo verleitet
41 725 721 792 uns das zu mancherley Untreuen, iſt al⸗
45 774 721 851 ſo ſündlich u. ſchädlich für uns ſelbſt. Ach,
45 835 699 901 ſagte die Frau, hätte ich in Wien einen
45 890 711 960 ſolchen Unterricht haben kön̅en, ich wäre
45 944 724 1012 dadurch von vielen Jrrwegen abgehal⸗
46 999 717 1063 ten worden. Den̅ eben das wird es wol
50 1049 723 1118 ſeyn, womit ich mich mag verſündiget ha⸗
48 1107 727 1174 ben, u. warum mich Gott ſo widrige Schick⸗
51 1156 505 1225 ſale hat erfahren laßen.
99 1207 715 1281 Jn Regensburg freuten ſich die Er⸗
50 1267 723 1335 wekten, daß ich ihnen dazu behülflich ſeyn
52 1319 731 1392 wolte, ihre ehemalige Gemeinſchaft wie⸗
669 1364 729 1432 der
