1000 1641
238 124 875 184 Beſuch in Mähren, April 1806.
161 123 216 186 68.
201 218 914 278 Bruder unter manchem Druck u Leiden hier ge⸗
200 276 906 337 wohnt haben. Gleich beym Eingange in daſſelbe
202 331 926 386 gingen wir links in ein enges Gäßchen, welches
198 381 925 437 noch jetzt hier unter dem Namen: der Brüderſteeg,
199 432 916 489 hier bekan̅t iſt. Wir ſahen daſelbſt eine kleine
199 490 916 544 Kirche vor uns, die in vorigen Zeiten unſern
199 543 915 600 Brüdern zugehört haben ſoll. Zunächſt an der⸗
198 598 910 655 ſelben ſoll die Wohnung des Biſchofs Comenius
202 649 917 708 geweſen ſeyn, die aber mit mehrern andern Ge⸗
199 706 921 763 bäuden u Zubehörungen nach ſeiner Vertreibung
197 763 919 818 einem gewiſſen Herrn Knorr durch die damalige
201 813 912 877 Herrſchaft zum Geſchenk überlaſſen worden iſt,
193 869 916 928 unter der Bedingung, daß er daſelbſt ein Spi⸗
196 924 908 979 tal anlege, u arme Leute darin aufnehme u
196 977 937 1039 unterhalte; daher man gegenwärtig ein ſehr großes
196 1031 917 1090 ſchönes Gebäude allda ſieht, welches einem Nach⸗
197 1081 917 1141 kom̅en des genan̅ten Herrn erblich zugefallen
197 1141 914 1195 iſt. Am Ende der Gaſſe, welche längſt dieſem
194 1191 918 1252 Spital nach dem Marktplatze zu führt, findet ſich
194 1244 906 1306 noch der Name: Sam̅lungsgaſſe, in deutſcher u
193 1296 919 1358 Böhmiſcher Sprache angeſchrieben. Wir beſuchten
195 1349 898 1408 hier den Herrn Kaufman̅ Jäſchke, der mit
819 1389 915 1451 unſerm
