1000 1643
233 113 880 169 Beſuch in Mähren, April 1806.
163 136 226 193 78.
211 205 913 261 verpflegt werden mußten. Auch das daran,
214 261 920 315 ſtoßende Seidendorf hatte ein gleiches hartes
213 312 916 367 Schickſal betroffen. Dazu kam noch der ſchwere
213 368 912 424 Umſtand, daß die Epidemie in dieſen beyden
216 419 911 482 Ortſchaften fortdauernd ſtark um ſich griff,
213 477 913 532 u daß diejenigen Perſonen, welche auch wie⸗
209 526 914 586 der geſund wurden, doch 5 bis 6 Wochen, ohne
215 581 892 640 ſich etwas verdienen zu kön̅en, krank im
212 637 896 695 Bette liegen u gepflegt werden mußten.
212 690 923 751 Von Sehlen erzählte uns unſer alter Bruder
210 748 905 805 Schwarz, welcher als Gemeinſchreiber eben
210 800 908 858 jetzt ein genaues Verzeichniß von allen
204 853 912 911 daſelbſt mit der Krankheit befallenen Per⸗
213 905 914 962 ſonen hatte aufnehmen u einreichen müſ⸗
213 961 907 1023 ſen, daß an dieſem Orte, welcher ungefähr
210 1017 908 1075 1000 Einwohner zählt, 435 Perſonen von der
213 1069 910 1130 Krankheit wären befallen worden. Dieſe
210 1121 909 1186 befanden ſich jetzt theils in der Geneſung,
210 1177 913 1234 theils lagen ſie noch darnieder, u 35 der⸗
212 1234 914 1292 ſelben waren aus der Zeit gegangen, wozu
214 1284 904 1349 während unſers Daſeyns noch einige hinzu
215 1346 344 1394 kamen.
841 1387 902 1427 Hier
