1000 1643
212 117 291 179 190.
442 95 752 176 Wachauiſche
234 177 916 241 nehmen der Geſchwiſter an ihrem Un⸗
233 234 908 293 fall. Jn mehrern Unterredungen be⸗
235 288 919 355 zeugte ſie, daß Jeſus Chriſtus u. ſeine
230 340 936 412 Verſöhnung der einige Grund ihres Glau⸗
231 401 906 462 bens u. ihrer Hofnung ſey. Auch freute
231 458 922 521 ſie ſich herzlich, als ſie ſich aus unſerm Ge⸗
231 512 911 573 ſangbuch, in welchem ſie die Kirchenlita⸗
230 565 876 620 ney mit beſonderm Vergnügen las,
230 620 902 681 überzeugte, daß wir in der Lehre mit
229 673 919 743 der Engliſchen Kirche, zu welcher ſie ſich
229 728 917 791 beken̅t, übereinſtim̅en. Jhr Man̅ konte
230 777 920 847 gleichfalls beym Abſchied ſeine Dankbar⸗
226 836 915 904 keit für die hier genoſſene Freundſchaft
228 897 633 955 nicht genug ausdrücken.
260 939 896 1006 Am 26t Aug. u. 3t Sept. feyerten die
227 999 889 1063 Gemeinen in Hope u. in Friedland die
226 1049 904 1120 Gedenktage ihrer erſten Stiftung vor
226 1109 895 1175 25 Jahren. Man erin̅erte ſich dabey der
224 1168 894 1232 Umſtände, welche zur Errichtung dieſer
225 1217 913 1284 beyden Landgemeinen die Veranlaſſung
226 1278 920 1339 gegeben haben, ſo wie der merkwürdig⸗
225 1339 902 1395 ſten ſeitdem vorgekom̅enen Verände⸗
825 1384 911 1417 run⸗
