1000 1642
92 109 758 176 Brief von Br. Byhan, April 1805.
775 118 815 172 11.
75 187 756 258 u des Morgens am 14ten war wieder ſchönes
77 237 768 310 Wetter. Ich blieb alſo dieſen Tag hier. Gegen
83 290 760 366 9 Uhr Morgens hielt Herr Blackburn mit
78 346 777 418 der ganzen Familie das Morgengebet, darauf
83 401 769 474 hielt Herr Black die Schule. Nach derſelben
81 450 773 526 bekamen die Kinder ihr Frühstück, bestehend
83 509 772 576 aus Brot, Fleisch u sauerm Hom̅ony, / Welsch⸗
80 564 770 632 Korn⸗Brey / welche Kost sie auch zum Mittag⸗ u
80 622 774 686 Abend⸗Essen bekamen. Nach dem Frühstücke
83 675 779 741 hielt Herr Blackburn mit den Kindern ein
84 729 783 801 Examen, um zu ſehen, welche Fortſchritte jedes
83 784 777 845 im Lernen gemacht habe, worauf er jedem
85 837 785 902 ein Geschenk gab. Dem größten unter den
83 884 787 956 Schülern gab er ein silbernes Schauſtück, un⸗
89 939 782 1015 gefähr zwey Thaler am Werth, auf dessen
87 997 788 1063 einen Seite der zweyte Präsident der verei⸗
86 1049 769 1115 nigten Staaten, u auf der andern eine
89 1102 790 1166 Baumwollen⸗Maschine geprägt war. Die übrigen
91 1153 764 1223 erhielten Geld, Messer, Bänder, Korallen u
91 1215 281 1279 dergleichen.
162 1254 784 1322 Die Jndianer kamen nun nach u nach
94 1306 790 1386 zusam̅en, u gegen 2 Uhr hatten sich ungefähr
741 1365 783 1406 40
