1000 1641
147 138 207 188 52.
213 123 898 179 Von Stockholm 1801, 1802 u 1803.
208 214 896 277 Wieſe eine Anrede zu halten. Bey den Er⸗
204 276 896 331 weckten herrſcht eine große Begierde nach
200 326 890 381 dem Worte Gottes. Wen̅ ſie Son̅tags, zum
207 380 893 437 Theil aus beträchtlichen Entfernungen, ſich
206 431 893 495 zur Kirche einfinden, ſo ſuchen ſie dieſe
206 494 904 548 einzige Gelegenheit, welche ſie die Woche hin⸗
206 543 905 606 durch zu gemeinſchaftlichen Zuſam̅enkünften
207 596 906 654 haben, auf das beſte zu benutzen, u wollen
205 650 901 708 am liebſten den ganzen Nachmittag bis zum
204 703 878 759 Abend, ſtatt der weltlichen Luſtbarkeiten,
203 757 900 815 mit denen ſich das übrige Landvolk unter⸗
201 812 906 870 deſſen vergnügt, mit erbaulicher Unterhaltung
203 868 904 918 verbringen. Nachdem ich abwechſelnd mit dem
203 918 896 974 lieben Prediger Mag. De Rogier, von 3 bis
206 972 918 1030 7 Uhr Abends, theils geſungen u geredet, theils
204 1027 896 1084 einige Lebensläufe verleſen hatte; so begab
204 1084 902 1139 ich mich, von dem angeſtrengten Reden in
202 1136 875 1192 freyer Luft völlig ermüdet, nach Hauſe.
199 1188 905 1247 Allein, da ſich eine Anzahl von 50 Erweckten
199 1242 885 1291 von der Wieſe aus nach einem Bauernhofe
199 1295 905 1351 begab, wo ſie öfters ihre Zuſam̅enkünfte hal⸗
197 1344 881 1403 ten; ſo mußte ich mich auf wiederholtes
837 1397 896 1451 An⸗
