1000 1643
204 120 290 173 204.
338 101 843 183 Diaspora im Vogtland,
233 183 884 244 in eben dem Maße im̅er ſtärker,
231 239 915 306 als ihm für ſein eigens Herz Jeſus im⸗
229 299 747 355 mer unentbehrlicher werde.
268 346 898 416 Zwey Katholiſche Geiſtliche, welche
230 401 905 468 hier in Augsburg zum Beſuch waren,
226 455 931 524 u. von denen der eine die Gemein⸗Nach⸗
231 510 913 576 richten lieſt, ſuchten mich auf, und unter⸗
227 563 919 638 hielten sich herzlich und vertraulich mit mir.
263 623 914 687 Jn Dillingen beſuchte ich zwey katho⸗
227 675 884 743 liſche Profeſſoren. Der eine hatte ſich
226 732 873 797 meinen Beſuch ſchon vor einiger Zeit
228 788 910 849 ausgebeten. – An einem andern Orte
227 838 913 908 ſprach ich bey einem katholischen Pfarrer
224 892 921 962 ein, der ſchon viele Schriften der Brüder⸗
227 952 907 1020 gemeine geleſen hat, u. ſich jezt auch die
223 1006 923 1070 Mittheilung der Gemein⸗Nachrichten aus⸗
225 1063 914 1124 bat. Er iſt in ſeiner Gegend mit lauter
223 1114 908 1180 ſolchen Amtsbrüdern umgeben, die mit
223 1168 914 1236 ihm nicht gleiches Sinnes ſind, u. ihm ſeine
221 1224 930 1287 Arbeit an ſeiner Gemeine ſehr erſchweren.
223 1282 912 1347 Er war ſehr erfreut, daß ich ihn in ſeiner
222 1330 562 1405 Einſamkeit beſuchte.
830 1370 898 1419 An
