1000 1643
222 104 299 156 198.
411 94 722 174 Wachauiſche
246 174 920 240 hört mit ſeiner Familie zu den Metho⸗
240 237 912 293 diſten, u. ſein Sohn iſt ein Prediger die⸗
240 285 932 345 ſer Verfaßung. Br. Reichel hatte ſowol
236 338 913 400 mit dem Vater als mit dem Sohn Her⸗
242 402 925 458 zensunterredungen, u. letzterer bezeug⸗
235 448 887 510 te, daß es ſeines Herzens Wunſch ſey,
240 508 907 566 Jeſum den Gekreuzigten u. ſeinen Tod
234 561 908 623 als die einzige Urſache der Seligkeit u.
239 618 919 680 zwar aus eigner Erfahrung zu verkün⸗
233 665 917 733 digen. Abends hielt Br. Reichel eine Sing⸗
234 735 894 785 ſtunde, welcher die ganze Familie mit
231 781 896 839 ihren Negern mit vieler Andacht bey⸗
231 832 897 899 wohnte. Tags darauf, da die ganze Ge⸗
228 882 915 951 ſellſchaft wieder nach Hauſe zurückkehr⸗
227 939 910 1005 te, begab ſich Br. Reichel mit ſeinem Soh⸗
225 994 900 1059 ne zu Jacob Spoenhauer, in deſſen Woh⸗
225 1047 907 1106 nung Br. Pfohl von Bethanien aus alle
222 1109 894 1171 4 Wochen einmal zu predigen pflegt.
223 1159 910 1224 Auf geſchehene Einladung hatten ſich auch
226 1215 899 1278 heute ſämtliche deutſche Nachbarn zahl⸗
223 1272 884 1329 reich eingefunden, denen Br. Reichel das
225 1320 885 1392 Verſöhnungsopfer Jeſu als die einzige
800 1378 908 1426 Quelle
