1000 1641
144 114 198 190 36.
212 106 890 165 Von Stockholm 1801, 1802 u 1803.
204 195 891 259 entgegen ſehe. Gegen Abend verſchied er im
202 252 641 303 76ſten Jahre ſeines Alters.
228 301 901 361 Ohne äußerlich unſrer nähern Verbindung bey⸗
202 361 891 417 getreten zu ſeyn, iſt der Selige von Anfang
195 413 901 470 an ein treuer Freund und Beſchützer der hie⸗
196 464 896 526 ſigen Sozietät geweſen. Jn den ältern Zeiten,
197 518 897 580 da die Sache der Brüder hier unter großem
192 571 896 627 Druck war, hatte er den Muth u die Treue,
197 628 896 688 ſich öffentlich als ihren Freund zu beken̅en. Er
192 683 895 749 ließ Geſchw. Ikes unter ſeine Dienerſchaft \ein/ſchrei⸗
193 734 896 805 ben, um ihnen dadurch geſetzmäßigen Schutz zu
188 796 895 857 verſchaffen. Jn der Folge hat er ſich bey vielen
192 846 890 907 Gelegenheiten als einen Freund u Wohlthäter
187 897 872 960 unſrer Societät bewieſen, u iſt zugleich mit
188 951 893 1014 ſeiner Schweſter, der Frau Bergräthin Hjärne,
186 1005 893 1070 das Hauptwerkzeug zur Erlangungn des ſchönen
187 1062 885 1123 Etabliſſements der Brüder in hieſiger Stadt
186 1115 887 1176 geweſen. Das Recht, welches ihm als Adlichen u
186 1167 888 1229 Gutsbeſitzer zuſtand, Prediger ins Amt zu ru⸗
183 1223 885 1279 fen, benutzte er gern dazu, erweckte und hoff⸗
182 1273 885 1332 nungſvolle Studenten als Hauſprediger anzu⸗
183 1333 884 1389 ſtellen, u ihnen alsdan̅ auf ihrer Laufbahn
785 1385 883 1434 weiter
