1000 1643
100 124 779 180 Brief von Br. Bonatz, Febr. 1806.
784 142 823 188 3.
86 207 783 268 befunden haben. / Schon war eine Stunde verfloſſen,
88 256 770 317 u es kam keine Hülfe vom Lande, auch ſahen
84 313 774 375 wir nicht, wie es mit uns ablaufen würde; doch
84 363 783 427 kam von nun an das Schiff in eine ſtärkere Be⸗
87 418 771 485 wegung; u es dauerte nur noch eine kleine
87 470 778 539 halbe Stunde, ſo wurde daſſelbe wieder flott.
84 523 785 589 Dieſe anderthalb Stunden werden uns unſre
92 582 776 648 ganze Lebenſzeit eindrücklich bleiben. Wir
89 637 770 700 kon̅ten uns dem Heiland überlaſſen, was Er
90 691 778 759 auch über uns beſchloſſen hätte; u da es Jhm
93 746 777 814 gefiel, uns aus dieſer Gefahr zu erretten,
91 803 773 867 ſo freuten wir uns darüber mit herzlicher
87 861 307 908 Dankbarkeit.
126 903 800 972 Das Schiff wurde nun unterſucht, ob es etwa
94 959 781 1017 einen Leck bekom̅en habe; es fand ſich aber
94 1012 792 1075 nicht die mindeſte Beſchädigung an demſelben,
94 1063 794 1128 u wir kon̅ten unſre Reiſe getroſt fortſetzen.
95 1120 801 1184 Mit günſtigem Winde entflohen wir bald dieſer
98 1175 790 1235 angſtvollen u gefahrvollen Stelle. Nach einer
98 1224 782 1282 Stunde wurde der Wind ungleich heftiger, u
98 1276 793 1339 artete gegen Tag in einen völligen Sturm
99 1329 820 1396 auſ, ſo daß alle Segel bis auf das Sturmſegel
740 1388 799 1422 ein⸗
