1000 1641
239 110 572 172 vom Jahr 1805.
711 113 801 159 355.
52 173 760 256 Him̅el. Zuhörer verſam̅len ſich überall
45 230 758 308 in Schaaren, wo das Evangelium lauter
48 285 744 364 u. mit Herzensangelegenheit verkündigt
52 350 752 415 wird. ☉ d. 22 Apr. wurde von den Brrn
48 401 752 467 Hartley u. Montgom̅ery eine neue Knaben⸗
53 454 747 524 Anſtalt mit einem auswärtigen Penſio⸗
55 509 761 576 nair u. 3 Tagſchülern aus dem Ort angefan⸗
58 567 751 637 gen unter herzlichem Gebet zu unſerm l.
58 620 769 690 Herrn, daß er dieſes Senfkorn wolle wach⸗
57 670 721 745 ſen u. gedeihen laßen, damit auch ſo die
59 725 758 794 Ausbreitung ſeines Reichs in hieſiger Ge⸗
63 783 747 846 gend befördert werde. ☉ d. 28 April
62 828 761 907 wohnten der Vormittags Predigt ungefähr
63 886 753 958 100 Yeomen (zur freywilligen Land⸗Miliz
66 942 726 1013 gehörige Män̅er) von Ballymena bey.
64 999 760 1063 Abends predigte Br. Hartley zum erſten⸗
69 1050 779 1114 mal im Markthauſe in Ballymena, an dem
70 1106 780 1168 nemlichen Orte, wo Br. Cennick bey ſeiner
71 1153 759 1223 erſten Ankunft im nördlichen Jrland ſo
75 1208 773 1284 ſehr war gemißhandelt worden. Es fand
75 1262 765 1336 ſich ein anſehnliches Auditorium ein, das
75 1320 562 1403 ſich auch ſehr andächtig zeigte.
693 1349 767 1394 Den
