1000 1640
690 126 756 174 181.
194 110 560 179 Gemeinen. 1805.
44 190 428 259 u. Gebet vor dem Hld,.
74 236 712 308 Um dieſelbe Zeit bekamen die Brr.
41 291 719 360 Reichel u. Benzien einen freundſchaft⸗
41 351 726 418 lichen Beſuch von einem Herrn Ransom,
41 408 721 475 der ſich voriges Jahr nach einem unglück⸗
43 468 698 529 lichen Fall mit dem Poſtwagen einige
43 518 723 584 Monate alhier in der Cur unſers Arztes
44 569 717 643 befunden hatte. Er ſagte beym Abſchied,
50 631 716 691 er werde Salem u. die hier genoſſene
47 671 719 748 Hilfe u. Freundſchaft nie vergeſſen, u.
49 731 727 798 hoffe, daß wir einander vor dem Throne
47 787 554 853 Gottes wieder ſehen würden.
91 831 726 909 Jn ſeiner Geſellſchaft befand ſich ein
48 891 725 963 Herr Cook, der das Unglück gehabt hatte,
46 948 741 1015 da er als Friedensrichter zwey Perſonen,
49 1004 731 1068 die in Schlägereyen begriffen waren,
51 1057 740 1117 aus einander bringen wolte, daß einer
53 1110 744 1174 von dieſen Böſewichtern ihm in die rechte
51 1166 720 1230 Hand biß, u. zwey Finger derſelben da⸗
51 1215 721 1283 durch unbrauchbar machte, u. ihm zugleich
51 1271 744 1340 das rechte Auge boſhafter Weiſe ſo ver⸗
50 1321 751 1398 lezte, daß er in Gefahr iſt daſſelbe zu ver⸗
657 1367 729 1432 lie⸗
