1000 1642
84 105 756 176 Brief von Br. Bonatz, Febr. 1806.
769 119 810 179 7.
72 197 764 263 See gerade fortſetzen kon̅ten. An benan̅tem Tage
67 249 729 320 drehte ſich der Wind nach Südweſt, u erhob ſich
72 299 757 371 wieder zu einem entſetzlichen Sturme, wobey
74 354 767 426 die Wellen nicht ſelten das ganze Schiff über⸗
75 405 752 479 ſchwem̅ten. So ſetzten wir unſre Fahrt bis
74 454 774 533 zum 23ſten langſam fort, da wir wieder gün⸗
74 514 781 587 ſtigen Wind bekamen, der ſich aber nach einigen
75 573 764 644 Tagen faſt ganz legte. Jn dieſer Windſtille
77 631 778 693 verbrachten wir bis zum 9ten Februar, da wir
77 675 787 749 hier in Funchal vor Anker gehen wollten;
79 735 777 804 wir erreichten aber weder an dieſem noch am
79 784 781 862 folgenden Tage unſern Zweck. Es wurden
81 839 790 914 zwey Schüſſe wegen eines Lothſen gethan; da
81 893 771 963 aber der Abend nahete, u es Son̅tag war,
84 943 790 1019 ſo kam keiner, wir mußten alſo wieder in
80 1000 781 1074 See gehen. Jn der Nacht erhob ſich abermal
85 1050 785 1123 ein Sturm, der bis zum 13ten anhielt. Nach
86 1104 790 1176 ſolchen Widerwärtigkeiten  endigten wir den̅
87 1160 792 1227 am 15ten unſre Reiſe bis hierher. Die meh⸗
88 1215 795 1279 reſten Lebensmittel, an denen wir großen
89 1263 788 1334 Mangel hatten, ſind nun bald angeſchafft, u
90 1317 792 1385 wir werden hoffentlich am 23ſten oder 24ſten
741 1375 791 1411 von
