1000 1643
239 120 865 193 Schreiben von Br. Kluge, April 1806.
141 127 219 177 132.
210 208 901 270 mußten ſich alle Jndianer beyderley Geſchlechts in
211 264 910 323 einen Kreis ſetzen, u dieſer Böſewicht mußte
213 321 916 372 ſodan̅ diejenigen nen̅en, von denen er glaubte,
209 370 917 432 daß ſie Gift hätten, oder ſonſt übernatürliche Künſte
207 427 915 482 trieben. Dieſes that er den̅ auch mit vielen Ce⸗
211 478 918 537 remonien, u beſchuldigte mehrere, inſonderheit auch
209 525 932 601 die zwey alten Chiefs Tettpachſit u Hackinpomska,
211 589 916 647 u erſterem wurde vorzüglich zur Laſt gelegt, daß
208 645 900 701 er viele Jndianer aus der Welt geſchafft habe.
205 693 916 755 Als ſie nun auch ihren Wahrſager über unſern
206 752 915 812 Joſua befragten, u ihren Verdacht merken ließen,
205 805 916 864 ſagte dieſes Wergzeug des Teufels, daß Joſua
208 861 915 920 zwar kein Gift brauche; aber er habe einen böſen
201 920 902 975 Geiſt in ſich, vermittelſt deſſen er auch Jndianer
200 973 907 1026 umbringen kön̅e. Nun hatten ſie, was ſie wollten.
197 1023 912 1079 Das junge wilde Volk machte nun alle dieſe Un⸗
202 1074 908 1138 glücklichen u unſchuldig Verurtheilten zu Gefange⸗
203 1130 701 1186 nen, u bewachte ſie auf’s ſchärfſte.
256 1180 906 1239 Von dieſem gräulichen Verfahren hörten wir
198 1231 915 1295 am 16ten Abends zu unſerm nicht geringen Schrek⸗
202 1287 906 1340 ken ferner, daß die tobenden Wilden bereits
197 1339 897 1397 eine alte Frau, Namens Caritas /: welche in
800 1386 900 1436 frühern
