1000 1642
198 108 286 160 238.
323 98 802 169 Schreiben des Br. Risler
251 176 915 251 Seine aber erfahrne Durchhülfe u.
254 235 926 304 Erhaltung bewies es uns zu unſrer
252 296 916 369 tiefen Beugung. — Er hat ſich was
253 356 921 426 ſchlechtes zum Luſtſpiel erleſen; am
251 416 924 475 26ſten, da wir unſre Verſamlungen
250 469 915 528 wieder anfangen kon̅ten: “Danket
250 519 917 594 dem Herrn, den̅ Er iſt freundl. — u.
250 578 908 647 das war ganz unſers Herzens Empfin⸗
251 638 899 702 dung u. Stellung, Jhm zu danken u.
249 692 934 758 Seinem Namen zu lobſingen. Mitten
246 749 912 811 unter dem Ernſt fühlten wir Seine
247 805 926 865 Güte u. Freundlichkeit; Seine Tröſtun⸗
249 860 925 926 gen, Gebetserhörungen u. Bewahrun⸗
250 919 940 981 gen ergözten unſre Seele. Er hat über
245 973 921 1039 uns alle, Brr:, Schwrn u. Kinder, Sei⸗
247 1028 762 1099 ne Hand gehalten u. beſchüzt.
294 1091 899 1146 Verluſte gibts viele. Die eben ein⸗
251 1142 919 1206 gebrachte Ernte, Vorräthe an Heu, Stroh,
244 1199 934 1265 Schlachtvieh, Wein pp haben groſſentheils
248 1262 913 1324 zum Dienſt der Truppen verwendet
244 1310 918 1379 werden müſſen. Die Fabrike hat an
786 1370 916 1437 fertigen
