1000 1643
100 251 775 319 No 1. des erſten Theiles der Gemein⸗
105 310 426 376 Nachrichten 1806.
113 463 790 534 Aus einem Briefe des Br. Johan̅ Gott⸗
95 523 783 591 lob Bonatz d. d. Funchal auf der Jnſel
93 576 638 644 Madera, d. 21ſten Febr. 1806.
129 647 775 714 Der günſtige Wind, mit welchem wir am
94 701 794 764 12ten Dec. 1805 die Rhede von Helſingör ver⸗
90 749 797 826 ließen, begleitete uns einige Tage, ſo daß wir
94 805 794 881 ſchon am 14ten Nachmittags aus dem Kattegat
94 868 800 934 heraus waren, u uns in der Nordſee befanden.
91 919 798 990 Dieſe Fahrt war äußerſt angenehm, u gereichte
95 968 793 1038 uns bey dem ſchönen Wetter, da wir bey guter
97 1022 801 1090 Geſundheit meiſt auf dem Vordeck ſeyn kon̅ten,
100 1076 803 1147 zu vielem Vergnügen. Unſre Steuerleute rech⸗
97 1133 774 1198 neten nach ihrer Erfahrung, die ſie auf 8
97 1187 792 1252 Seereiſen nach Bengalen gemacht hatten, daß
97 1234 803 1303 wir höchſtens in 14 Tagen in die Spaniſche See
98 1287 810 1356 kom̅en würden; uns aber ſtieg beſonders an
757 1358 802 1404 ob⸗
782 127 812 175 1.
