1000 1640
72 93 588 173 und Hope in Jerſey. 1805.
692 113 769 165 165.
41 175 721 246 rien beſtim̅ten Truppen als Arzt an⸗
42 229 721 307 geſtellt. Nach fünf Jahren legte er die⸗
41 288 720 357 ſen Dienſt nieder, machte eine Reiſe durch
41 342 700 411 Deutſchland, u. entſchloß ſich ſodan̅ nach
41 396 712 465 Nord⸗Amerika zu gehen. Jm Jahr 1770.
41 446 736 522 langte er in Newyork an, wo er bald mit
40 502 724 574 dem daſigen Gemein⸗Arbeiter Bekant⸗
46 560 722 635 ſchaft machte. Von Newyork zog er nach
41 615 711 681 Philadelphia, u. hier verheyrathete er
46 666 727 741 ſich im Jahr 1781. mit Mary Weiſs, der nun⸗
46 722 720 794 mehrigen Witwe, einer Tochter unſrer
48 774 695 847 dortigen Geſchw. Weiſs. Er war in der
46 829 728 901 Stille ein Verehrer der Lehre Jeſu, u. ein
49 885 735 956 wahrer aufrichtiger Freund der Brüder,
51 942 618 1003 denn er diente wo er nur konte.
94 991 709 1057 Unter den in dieſem Jahre heimge⸗
54 1038 746 1117 gangenen Geſchwiſtern, deren Lebens⸗
52 1097 736 1169 läufe nicht bereits mitgetheilt worden
55 1154 525 1222 ſind, befanden ſich folgende:
99 1204 714 1272 Die led. Schw. Salome Höpfner ver⸗
57 1250 740 1332 ſchied am 12t April. Jn ihrer lezten Krank⸗
59 1309 731 1395 heit erzählte ſie folgendes: Als ich in das
657 1349 730 1422 Chor
