1000 1642
73 126 696 187 Beſuch in Mähren, April 1806.
738 134 809 186 101.
55 207 755 274 hatten, u er fügte noch bey, daß dieſe guten Leute
55 264 750 328 ihn, bey ſeinen beſſern Umſtänden, in dem Ver⸗
52 320 753 381 trauen auf den Heiland gar oft noch ſehr be⸗
56 372 750 435 ſchämten. Wir nahmen ſie bey Seite, u eröff⸗
56 426 750 485 neten ihnen, wie wir von einer Wohlthätigkeits⸗
61 480 758 546 Geſellſchaft beauftragt ſeyen, ſie in ihrer Dürf⸗
55 532 756 595 tigkeit u da ſie ſo vieles verloren hätten, mit
59 590 752 647 einer milden Gabe zu unterſtützen, die wir
57 641 753 700 ihnen hiemit überreichen wollten. Rührend war
60 697 744 759 es, ihre ſtillen Thränen fließend zu ſehen,
62 753 756 812 u beugend für uns, Werkzeuge ſolcher Hand⸗
62 810 760 867 lungen bey dieſen lieben Seelen ſeyn zu kön̅en.
60 859 760 919 Da ſehe ihr, Brüder! rief einer dem andern zu,
65 914 753 967 wie unſer lieber Heiland es im̅er beſſer mit
67 966 758 1023 uns macht, als wir es werth ſind, oder als wir
65 1021 753 1073 es erwarten kön̅en; u ſie ermunterten ſich
71 1077 760 1133 ſodan̅ zum fernern Vertrauen auf Seine gnä⸗
68 1132 760 1190 dige Durchhülfe auf eine recht gefühlvolle herz⸗
72 1184 294 1242 mäßige Weiſe.
121 1226 765 1282 Am Abend verſam̅elten ſich 14 mit uns ver⸗
72 1283 764 1343 bundene Geſchwiſter, denen auf ihre Bitte, u da
73 1335 765 1404 ſie verſicherten, daß gegenwärtig keine Ungelegenheit
669 1386 728 1451 für
