1000 1641
83 95 645 160 Colonien an der Wolga.1805.
712 104 795 157 281.
53 168 743 243 digt beſuchten wir noch einige Freunde
52 227 709 289 in der Colonie, u. unter andern den
51 276 732 349 Schwiegervater des Herrn Paſtors, der
55 330 732 401 eine Lederfabrik angelegt hat. Tags
55 387 737 457 darauf kehrten wir nach Norka zurück,
57 441 737 510 wo Freytags den 26t gleichſam ein hal⸗
55 497 744 567 ber Feyertag war, indem Paſt. Cattaneo
55 556 733 622 mit einer Predigt, zu welcher ich erſucht
57 611 714 676 worden war, die Beichte auf das am
59 658 733 735 Pfingſtfeſt bevorſtehende Abendmahl
58 713 736 785 verband. Jch predigte über Jeſ. 12,3. Jhr
61 771 744 838 werdet mit Freuden Waſſer ſchöpfen
61 825 733 888 aus dem Heilbrun̅en, u. Paſt. Cattaneo
60 874 733 947 hielt in Bezug auf den gethanen Vor⸗
60 928 743 997 trag eine rührende Beichtrede vor dem
60 988 728 1056 Altar, welche um ſo mehr Bewegung
64 1041 760 1104 erregte, weil er auf ſeine nach Pfingſten
63 1088 747 1155 anzutretende Reiſe nach Dörpat in Lief⸗
64 1148 749 1213 land, wohin er ſeinen jüngeren Sohn Lucas
65 1200 723 1265 auf die Univerſität begleiten wird,
66 1251 743 1326 in Erwähnung brachte. Es waren wol
70 1308 769 1382 an 2000. Menſchen in der Kirche beyſam̅en.
675 1355 746 1427 Noch
