1000 1640
50 112 727 196 Schreiben von Br. Kluge, April 1806.
742 113 801 166 141.
43 197 730 262 willen wir doch hier ſind, auf das Land einer
41 256 731 321 andern Jndianer⸗Nation folgen werden, wozu
45 310 756 386 ſie auch kein Recht haben; ſo bleibt uns nichts übrig,
44 369 742 428 als uns für die Zeit entweder ganz von hier weg
47 421 750 487 u nach Goſen zu begeben, oder auf unſerm Platz
44 470 744 538 wo möglich ſo lange zu bleiben, bis wir den Rath
44 525 751 594 unſrer l. Brüder der Helferconferenz fürs Ganze
51 574 760 644 vernehmen kön̅en. Wir haben uns jetzt zu letzterm
53 633 763 701 entſchloſſen, u bitten daher, uns ſo bald als möglich
51 693 740 747 mit einem Schreiben zu erfreuen; u weil wir
51 742 764 803 denken, daß bis Ende July ein Schreiben von Euch,
55 799 758 858 liebſte Brüder, in Antwort auf dieſes in Cinci⸗
57 851 754 909 nati ankom̅en kön̅te, ſo werden wir uns um
61 914 418 970 die Zeit dahin begeben.
