1000 1643
146 131 211 187 142
253 248 919 320 No 7. des erſten Theils der Gemein⸗
229 304 554 376 Nachrichten 1806.
235 471 904 533 a.) Auszug aus einem Schreiben des Br.
220 523 917 584 Johan̅es Renatos Verbeek an die U.A.C.
217 579 902 647 d. d. Philadelphia d. 14ten July 1806.
223 668 914 731 Mit in̅igſt dankbarem Herzen gegen unſern l.
231 727 912 781 Herrn für Seine gnädige Leitung über den
210 782 916 830 Ocean bis hieher, wo wir vorgeſtern, den 12ten
208 835 911 890 dieſes, Abends um ½ 9 neun Uhr, glücklich vor Anker
214 886 927 946 gekom̅en ſind, grüße ich nun ſämtliche liebe Brüder
209 940 894 995 der U.A.C. u alles, was zu dieſem uns ſo
210 993 921 1056 werthen Cirkel gehört, von hieraus aufs herzlichſte.
203 1045 921 1117 Die erſte Nachricht von unſrer Ankunft nach Eu⸗
201 1103 917 1164 ropa zu geben, hat Br. v. Foreſtier wie auch Br.
200 1159 911 1218 Haga bereits Gelegenheit gefunden. Jch will aber
199 1209 919 1272 doch nicht unterlaſſen, dieſelbe hiermit zu beſtätigen,
199 1269 910 1321 und dieſe meine erſten Zeilen von Amerika aus
203 1329 912 1399 für die nächſte Schiffſgelegenheit, die ſich in wenig
798 1377 900 1441 Tagen
