1000 1642
740 127 814 194 105.
70 265 750 335 No. 5. des erſten Theiles der Ge⸗
73 332 515 390 mein⸗Nachrichten 1806.
95 503 756 569 Aus den Berichten einiger Engliſchen Ge⸗
64 562 706 616 meinen, von den Jahren 1804 u 1805.
98 642 750 709 Jn Fulneck wurde am 10ten Juny 1804 bey
66 698 762 766 Gelegenheit der Einſam̅lung von Beyträgen für
68 758 764 818 die Son̅tags⸗Schulen an eine zahlreiche Verſam̅⸗
68 813 754 874 lung eine Predigt über die Nothwendigkeit u
68 868 760 930 geſegneten Folgen einer wahrhaft chriſtlichen
64 921 768 980 Kindererziehung gehalten. Nachdem Br. Benade
71 972 767 1034 zum Schluß der Predigt den Zweck der hier ein⸗
69 1023 760 1090 gerichteten Son̅tagsſchulen auseinander geſetzt
67 1078 769 1140 hatte; ſo wendete er ſich nun an die gegenwär⸗
71 1131 764 1190 tigen Kinder, legte ihnen die Wünſche u Hoff⸗
73 1184 766 1247 nungen, die man in Betreff ihrer habe, dar,
69 1233 754 1293 u erin̅erte ſie an ihre Pflicht, die Treue u
72 1288 773 1350 Sorgfalt, welche ſie hier genöſſen, durch Gehorſam
83 1340 770 1398 u Fleiß zu erwiedern. Die Zahl der Knaben u
704 1382 770 1439 Mäd⸗
