1000 1643
139 115 215 182 146.
227 109 953 168 Schreiben des Br. Verbeek, Philadelphia 1806.
219 193 921 253 ſeines Vorraths erlaubte, welcher aber freylich
218 252 898 308 aus ſehr wenigen Artikeln beſtand, wie
213 307 920 369 dieſes auf den Amerikaniſchen Schiffen
215 358 921 425 überhaupt Gebraucht zu ſeyn ſcheint. Uebri⸗
217 421 905 478 gens hatten wir, wen̅ nicht die mehreſten
211 472 923 533 ganz ſeekrank waren, täglich nach dem Abend⸗
215 526 926 587 eſſen /: eigentlich Thee :/ eine kurze Singſtunde
214 579 917 642 und Son̅tags eine Liturgie. Sämtliche Ge⸗
210 631 918 701 ſchwiſter, u beſonders die Brüder, übten ſich
210 690 919 756 fleißig im Engliſchen, ſo daß wir uns nicht
207 745 916 805 nur, wo es nöthig war; verſtändlich machen,
209 796 901 855 ſondern uns auch wol mit dem Captain
206 850 560 902 unterhalten kon̅ten.
271 905 907 973 Auf dem Schiffe haben wir zugebracht
206 963 933 1024 vom 14ten May Abends bis 13ten July früh,
208 1016 902 1080 und haben alſo doch keine zu lange, u ſehr
202 1071 896 1134 glückliche Reiſe gehabt. An letztem Tage
198 1127 909 1191 Nachmittags hatten wir das heil. Abendmahl
200 1182 888 1237 mit der hieſigen kleinen Gemeine, u
201 1230 908 1288 werden nun von Geſchw. Zäsleinʼs liebreich
200 1285 908 1340 beherbergt, bis wir vermuthlich nächſten Son̅⸗
198 1337 905 1401 abend nach Bethlehem abgehen. Unſre Sachen
844 1395 901 1436 von
