1000 1642
72 109 754 175 Von Stockholm 1801, 1802 u 1803.
756 114 816 172 37.
71 197 776 266 weiter fortzuhelfen. Er hatte ein edles, men⸗
71 250 782 324 ſchenliebendes Herz, welches leicht durch das Elend
70 308 775 373 anderer zu thätigem Mitleiden gerührt wurde,
72 358 771 426 u welches alle Menſchen mit ungeheucheltem
72 422 425 485 Theilnehmen umfaßte.
117 465 762 531 Am 28sten September zog Johan̅es Groth
76 519 770 588 mit ſeiner Frau von Fin̅land hierher, um
78 574 778 646 zu verſuchen, ob er ſich hier ſeinen nothdürf⸗
72 628 782 699 tigen Unterhalt beſſer würde verdienen kön̅en,
75 685 761 749 als es in Fin̅land der Fall geweſen war.
78 737 760 807 Beyde waren kränklich, u befanden ſich in
79 793 763 862 äußerſter Armuth. Er iſt ein belehrendes
81 845 778 913 Beyſpiel davon, welche Noth ſich ein Menſch zu⸗
83 901 779 966 zieht, der einmal dem Gnadenruf des Heilan⸗
81 953 775 1018 des in ſeinem Herzen Gehör gegeben hat, aber
82 1003 780 1075 durch Eigenwillen der Leitung Jeſu in den Weg
81 1058 781 1126 tritt. Zugleich iſt er aber auch ein erfreulicher
80 1114 770 1174 Beweis von der unwandelbaren Treue des
83 1165 775 1228 Heilandes, der einer Seele, mit der Er ein⸗
83 1217 768 1281 mal einen Liebesbund geſchloſſen hat, auf
86 1274 775 1334 allen ihren Jrrwegen mit unermüdeter Ge⸗
85 1322 781 1392 duld nachgeht. Johan̅es Groth war im Jahre 1755
736 1384 773 1432 in
