1000 1640
114 119 621 179 D. d. Ebersdorf. Oct. 1806.
704 117 796 167 233.
80 190 700 256 Am 26ſten haben wir unſre Ver⸗
45 252 721 317 ſam̅lungen wieder angefangen, die
44 307 697 370 ſeit dem 8ten ganz waren unter⸗
43 364 711 430 brochen worden. Mit vieler Ange⸗
44 419 674 484 legenheit gedenken wir vor dem
48 478 700 539 Herrn mehrerer unſrer Gemei⸗
46 530 722 597 nen u. aller unſrer Lieben. Er neh⸗
46 591 718 654 me Sie in Seinen Schutz. Alle wer⸗
48 649 709 711 den auch an uns Theil nehmen, u.
48 699 724 765 uns, wie wir ſie, dem Aug’ u. Wäch⸗
51 754 721 824 ter Jſrael zu Gnaden empfehlen. —
162 861 568 923 Vom 2ten November.
103 921 714 985 Es wird nun bey uns etwas ſtil⸗
54 974 728 1042 ler, u. ſcheint auch, daß die Poſt über
51 1031 720 1096 Leipzig ohne Schwierigkeit nach der
59 1086 711 1145 Lauſitz geht. Das gibt mir ange⸗
61 1140 720 1204 nehme Hoffnung, daß unſre Corres⸗
60 1204 690 1256 pondenz wieder in den gewöhnln
60 1253 723 1315 uns ſo aufmunternden Gang kom⸗
59 1309 718 1376 men werde. Es verlangt uns ſehr
