1000 1643
230 113 921 167 Berichte Engliſcher Gemeinen, 1804 u 1805.
160 113 224 182 118.
225 205 922 261 nicht mehr äußern, ſondern nur den Wunſch darlegen
219 260 916 313 kon̅te, daß gedachter Bruder mit ihr beten möchte.
218 313 925 367 Dies geſchah unter einem lebhaften Gefühl der Gna⸗
221 369 923 424 dengegenwart unſers Herrn. Am folgenden Tage wurde
220 421 916 476 ſie wiederum beſucht, u wiewol ſich ihre Krankheit
213 473 920 532 merklich verſchlim̅ert hatte, ſo war ſie doch im Stande
220 523 932 590 einige Worte zu ſprechen. Als Br. Latrobe ſie fragte,
221 586 926 641 ob ſie die Gefahr einſehe, in der ſie ſich befinde; ſo ant⸗
212 643 920 692 wortete ſie, ſie glaube, ſie werde nicht mehr lange hier⸗
214 694 915 750 nieden ſeyn. Sie wurde hierauf ermahnt, die kurze
215 748 922 807 ihr noch übrig Zeit dazu anzuwenden, den barm⸗
212 803 917 869 herzigen Heiland anzuflehen, daß Er ſich ihrer erbar⸗
211 858 919 912 men u ihr alle ihre Sünden u Uebertretungen ver⸗
212 912 927 970 geben möge. Sie rief öfters mit Jnbrunſt des Herzens
211 964 909 1018 aus: O, mein Heiland, erbarme dich meiner! Br.
210 1017 925 1078 Latrobe empfahl ſie zuletzt im Gegenwart ihres Man̅es
215 1075 915 1129 und einiger andern Perſonen dem Heiland in einem
210 1126 912 1187 Gebete,an welchem ſie mit großer Bewegung des Her⸗
207 1185 897 1240 zens Antheil nahm, indem ſie ihre Hände in die
209 1236 911 1288 Höhe hob, u den Heiland um Erbarmen anflehete. Sie
207 1294 910 1344 verſchied noch an demſelben Tage, u wir hoffen, daß
206 1345 902 1406 ſie die Gnade gefunden hat, die ſie ſo oft ernſtlich
829 1387 900 1442 ſuchte
