1000 1641
88 99 622 162 Colonien an der Wolga.1805.
700 110 789 156 273.
45 179 727 247 der Bruſt, die von einem Stoſſe herrühr⸗
41 231 718 305 ten, welchen ihm ſein Führer mit einer Pi⸗
43 288 723 360 ſtole gegeben hatte. Jch fing indeß an, an
43 345 723 410 unſren Banden zu zerren u. zu rütteln,
46 389 736 468 u. fuhr ſo lange fort, bis ſie endlich lokerer
43 448 720 516 wurden; worauf es uns dann nach Ver⸗
44 503 713 574 lauf einer guten Viertelſtunde gelang,
52 557 719 631 völlig auf freyen Fuß zu kom̅en. Wir
51 615 711 685 ſtanden nun fröhlich u. dankbar für die
52 674 714 742 Erhaltung unſers Lebens auf, u. gingen
52 726 731 797 Hand in Hand nach Hauſe zurück. Jezt
55 782 734 846 merkte ich erſt, daß mein Kopf voller
56 831 736 900 Blut war, welches auf das Hemd herun⸗
59 883 740 955 ter tropfte, doch fühlte ich keinen Schmerz.
64 940 742 1009 Der Weg wurde uns nicht lang, den̅ wir
62 991 723 1072 hatten angenehme Geſpräche über den
62 1045 738 1117 Unfall, der uns betroffen hatte, u. über
65 1099 745 1171 unſre glückliche Errettung. Wir verban⸗
68 1157 739 1223 den uns recht herzlich dazu, den Reſt un⸗
68 1211 734 1281 ſrer Lebenstage unſerm Schöpfer u. Er⸗
67 1268 715 1332 halter, u. der getroſten Verkündigung
69 1319 759 1393 ſeines Evangelii zu weihen. So kamen wir
673 1362 747 1421 nach
