1000 1642
725 127 795 184 65.
102 253 744 316 No 4. des erſten Theiles der Ge⸗
114 314 559 370 mein⸗Nachrichten 1806.
89 457 783 519 Bericht der Brüder Gottlieb Traugott Knauſt
79 517 769 571 u Georg Friedrich Böniſch in Gnadenfeld
74 566 768 627 von ihrem Beſuch in Mähren im April 1806.
95 642 770 701 Da ſich eine Geſellſchaft edeldenkender Men⸗
72 695 772 760 ſchenfreunde in England aufgeregt gefunden
72 750 770 813 hatte, den durch den Krieg u vorzüglich durch
72 804 773 863 die Schlacht bey Auſterlitz verunglückten und ver⸗
71 858 774 917 armten Einwohnern in Mähren, ſowohl von
72 909 781 974 Proteſtantiſcher als Katholiſcher Religion, einige
71 963 765 1028 Unterſtützung angedeihen zu laſſen, u in
72 1013 771 1079 ſolcher Hinſicht eine Sum̅e Geldes durch die
72 1065 771 1126 Unitäts⸗Aeltesten⸗Conferenz in Berthelsdorf
72 1116 774 1183 an die Gemein⸗Direction in Gnadenfeld
76 1171 785 1239 zu überſenden: ſo erhielt ich (ſchreibt Bruder
78 1226 773 1288 Knauſt) mit meinem Begleiter Friedrich
77 1279 784 1340 Böhniſch den angenehmen Auftrag, beſagtes
84 1332 778 1396 Geld an jene Nothleidenden auszutheilen, u
722 1391 776 1437 mit
