1000 1641
214 96 538 160 vom Jahr 1805.
712 99 803 152 383.
49 164 766 247 Hlds ſeyn, u. durch ſeine Gnade bey ſeinem
51 216 729 296 Volke verharren wolten bis ans Ende.
52 271 741 357 Jns Ganze regiert ein vergnügter u. ſe⸗
48 328 735 404 liger Geiſt in dieſem Chore, u. obgleich die
51 382 747 461 Anzahl der Einwohnerin̅en des Chorhauſes
52 439 763 512 etwas abgenom̅en hat, u. manche von ihnen
55 495 757 568 alt u. ſchwach u. folglich arm ſind, ſo kön̅en
54 549 744 626 wir doch ſagen, daß es eine ſelige Haus⸗
59 608 400 675 haltung Gottes iſt.
81 654 755 729 D. 22 Sept. predigte Br. Hartley in Grace⸗
66 709 755 786 field u. darauf auch in Magherafelt. Mit
66 767 755 839 Vergnügen bemerkte er, daß in leztge⸗
64 822 759 886 nan̅ter Stadt das Verlangen die Brüder zu
67 875 759 949 hören, immer mehr zunim̅t. Es iſt ſeit kur⸗
72 927 761 1005 zem ein ſehr begabter u. eifriger Predi⸗
71 982 764 1060 ger in hieſigen Landen aufgeſtanden, der
70 1035 761 1109 den Hld nicht ohne Segen im ganzen Lande
74 1093 751 1161 verkündigt. D. 2 Oct. zogen die Geſchw.
72 1137 778 1215 Millers, ihrem Rufe gemäß, von Gracefield
74 1198 771 1269 nach Cootehill, um das dortige Gemeinlein
77 1248 770 1324 ad interim zu bedienen. Die Schw. Bar⸗
80 1299 762 1382 nes, welche von Cootehill hieher zum Aus⸗
711 1352 760 1403 ru⸗
