1000 1642
84 120 752 181 Von Stockholm 1801, 1802 u 1803.
750 125 813 186 57.
71 216 760 279 die Predigten u Privatandachten des ſeligen
70 266 765 326 Doctors Tollſtadius, der, ungeachtet aller Miß⸗
72 318 770 384 deutungen, die er erfahren hat, vielen Seelen
76 373 767 436 hier im Lande zu großer Förderung auf dem
76 421 764 494 Wege des Lebens geweſen iſt; u ſie erin̅erte
82 479 775 544 ſich noch in dem ſpäten Alter mit vieler Rüh⸗
80 538 773 600 rung des Segens, den ſie in den Vorträgen
78 586 781 651 dieſes Man̅es gefunden hatte. Späterhin wurde
82 644 775 709 ſie durch die Predigten eines andern Geiſt⸗
78 696 773 763 lichen gegen den evangeliſchen Weg des Heils
79 747 776 816 eingenom̅en u zu der unbibliſchen Denkart
83 804 773 871 verleitet, daß man die Seligkeit durch gute
83 856 781 924 Werke verdienen müſſe. Aber es zeigte ſich
84 912 781 979 auch bey ihr, daß, wen̅ ein Herz es nur redlich
84 963 763 1029 meint, der Geiſt Gottes daſſelbe von einer
85 1017 775 1083 Klarheit zur andern zu führen weiß. Jm
91 1069 779 1140 Jahr 1766 trat ſie unſrer Verbindung bey;
92 1122 763 1190 die geſetzlich ſtrenge Denkweiſe, welche ihr
93 1177 788 1245 lange eigen geweſen war, u ſcharfe Be⸗
92 1229 789 1299 urtheilungen anderer zur Folge gehabt hatte,
93 1287 770 1348 verlor ſich mehr u mehr, u ihr Umgang
90 1334 800 1394 wurde im̅er milder. Manche häusliche Leiden
675 1380 794 1446 wurden
