1000 1642
205 95 293 151 252.
320 91 804 173 Schreiben des Br. Hüffel
254 177 933 240 ken; welches wir Jhm auch in einer
252 233 920 295 Verſam̅lung zum Schluß der Wo⸗
252 291 949 349 che (vom Montag bis Don̅erſtag incl.
250 346 945 413 hatten wir nicht zuſam̅en kom̅en kön⸗
250 405 941 469 nen) gemeinſchaftl. bekan̅ten, u. uns
253 462 938 521 ferner Seinem Gnadenwalten, Sei⸗
249 514 905 581 ner Treue u. Barmherzigkeit em⸗
251 571 891 634 pfahlen, wobey wir Seines Troſtes
250 632 945 695 fühlbar inne wurden. Geſtern wohn⸗
250 684 939 743 ten einige Sächß: Officiers u. ein
248 737 947 803 Feldprediger der öffentln Predigt hier
250 795 949 861 bey. Jm Paedagogio gehet alles ſeinen
245 852 926 915 Gang mit ſo wenig Störung als nur
248 908 911 972 mögl. iſt. Die Jnformationen ſind
249 966 922 1025 nicht ſo ſtark unterbrochen worden,
248 1017 907 1079 als man befürchten mußte. Heute
248 1070 937 1138 vor 8. Tagen kam der nach Gnadenberg
248 1128 889 1189 bestim̅te Br. van der Jagd mit dem
250 1184 868 1253 Knaben Steffens glückl. hier an.
356 1247 780 1302 Vom 9ten November.
309 1295 940 1370 Die vorige Woche iſt ein gut Theil
799 1351 910 1408 ſtiller
