1000 1641
201 110 531 165 vom Jahr 1805.
709 113 785 162 373.
49 175 746 247 Brüder u. Freunde. Er ſchließt ſeinen Be⸗
47 224 746 303 richt mit den Worten: Jch kam nach Haus
49 289 754 354 nicht mit Freuden, ſondern vielmehr mit
47 342 749 408 Weinen, daß ich ſo wenig für meinen gu⸗
49 392 753 463 ten Herrn thun konte. Jch kan nicht ſagen,
52 449 749 516 ob ich irgend etwas gutes geſtiftet habe,
54 501 752 569 aber das kan ich ſagen, daß ich gern jeder⸗
52 557 743 632 man zu Jeſu gebracht hätte. D. 16t Jun.
57 615 750 684 predigte Br. Hartley zum erſtenmal in
55 664 750 734 Ballindreade. ☉ d. 23 Jun. war Abends
58 719 759 789 eine Predigt bey Cullybackey, beym Hau⸗
58 777 761 844 ſe eines Mannes, der viele Jahre her ſehr
59 832 755 898 feindſelig gegen die Brüder geſinnt war,
61 883 764 949 u. der ſeine Frau, die eine Amhls Schweſter
62 933 762 1006 iſt, alle mögliche Schwierigkeiten in den Weg
61 995 755 1063 legte, um ſie daran zu hindern nach Grace⸗
62 1044 750 1118 hill zu gehen. Aber ſeit kurzem iſt eine
66 1097 734 1165 große Veränderung bey ihm bewirkt
67 1154 748 1217 worden; denn er iſt nun durch den Geiſt
67 1199 754 1274 Gottes gründlich erwekt worden, u. be⸗
69 1253 774 1329 ſucht nicht nur hier die Predigten, ſondern
68 1311 763 1391 hat auch darum angeſucht, daß man in ſei⸗
684 1357 766 1390 nem
