1000 1640
94 114 569 173 d. d. Barby. Oct. 1806.
707 116 788 175 249.
39 184 682 260 tierung zuſicherten. Es waren bis
38 246 720 312 Mittag ſchon ſehr viele Franzoſen bey
39 308 721 364 der Stadt, die aber, weil dieſelbe noch
40 358 714 427 von Sachſen beſezt war, ſich vor den
40 416 696 482 Thoren aufhielten. Gegen Abend
40 471 670 536 kam der Großherzog von Berg,
43 525 734 587 (Prinz Murat) u. der Fürſt von Pon⸗
40 587 725 649 te corvo (Bernadotte) mit mehrern
41 643 711 703 Generalen nach Barby. Jhr Quar⸗
42 700 704 758 tier war auch im Schloſſe beſtim̅t,
46 751 710 818 u. die Geſchw. Suters räumten ihre
47 809 699 872 Zim̅er u. bezogen ein Stübchen in
47 861 720 927 der 3ten Etage. Genan̅te hohe Mi⸗
47 920 743 987 litair⸗Perſonen ſtiegen aber noch nicht
53 977 734 1040 ab, ſondern brachten den Tag u. wohl
53 1032 711 1094 die ganze Nacht mit recognosciren
52 1085 706 1148 der Gegend zu. Abends wurden ge⸗
55 1140 726 1198 gen tauſend Man̅ Franzoſen in die
52 1193 703 1249 Stadt einquartiert, u. am folgenden
56 1248 732 1311 Tag den 22ſten zogen die Sachſen nach
53 1301 741 1370 Bernburg ab. Des Morgens an dem⸗
