1000 1643
179 116 236 169 84.
252 116 836 162 Beſuch in Mähren, April 1806.
301 203 911 257 Eine gute Stunde von Wiſchau gingen
218 253 929 313 wir in ein an der Straße ſtehendes ganz ein⸗
214 306 934 369 faches Logis, das den Namen Jeſuiterhaus führt,
216 365 927 413 u deſſen erneuerte Thüren, Fenſter u andere
212 417 922 471 Stücke Ken̅zeichen der Verheerung waren. Hier
217 467 935 527 erzählte man uns, daß am Tage der Schlacht Jhre
214 523 922 585 Ruſſiſche u Römiſch⸗Kaiſerliche Majeſtäten in die⸗
214 577 922 637 ſer Stube ihren Aufenthalt genom̅en, u an je⸗
212 632 908 687 nem Tiſche, während ein Courier den andern
213 686 921 746 drängte, bei Wachskerzenlicht, da ſtatt der einge⸗
206 736 932 809 ſchlagenen Fenſter Strohmatten vorgehängt waren,
211 796 873 854 geſpeiſet, u Befehle ertheilt hätten. Eine
207 852 918 905 Meile weiter führt die Straße durch das Städt⸗
210 903 916 961 chen Rausnitz, welches nicht weit von Auſterlitz
208 956 922 1018 entlegen iſt. Zwiſchen dieſen beyden Orten hatte
211 1013 909 1068 ſeitwärts nach der Straße zu jenes blutige
207 1062 912 1123 Treffen ſeinen Anfang genom̅en, u bald
208 1119 913 1174 nach wenig Stunden bis an das erſtgenan̅te
209 1169 911 1232 Städtchen gereicht. Hätten wir hiervon auch
212 1230 906 1283 gar keine Ken̅tniß gehabt, ſo würde allein
209 1285 909 1338 unſer Weg hinreichend geweſen ſein, uns
209 1339 911 1391 von außerordentlichen, hier vorgegangenen
835 1380 898 1447 Er⸗
