1000 1641
57 101 634 178 in ihr Chorhaus in Hhut 1806.
700 106 781 158 317.
50 178 740 249 ich gewiß weiß, im Sinn hat, ausgeführt
46 229 729 298 wird, ſo wird daſſelbe hinauswärts ein
49 284 723 356 ſeliger Pflanzgarten für ſein ganzes
46 341 725 412 Reich auf Erden ſeyn; hineinwärts aber
49 399 722 465 ein Heiligthum, eine zu ſeinem Tempel
49 446 738 526 gehörige Haupt⸗Capelle, darin̅en er alle⸗
49 506 574 575 zeit wohnen u. wandeln will.”
96 552 723 629 Unſer lieber, ewig treuer Herr und
52 606 729 684 Hausvater hat es auf eine anbetungs⸗
53 660 741 732 würdige Weiſe bewieſen, daß der Bund
56 717 738 787 ſeines Friedens unwandelbar iſt. Bey al⸗
54 776 722 843 len Mängeln u. Zurückbleiben von un⸗
57 833 738 894 ſrer Seite, deren Bewußtſeyn unſre Ju⸗
57 877 735 950 belfeyer wol dämpfen könte, hat er ſich
58 937 739 1005 doch unverändert zu uns bekan̅t, uns un⸗
58 987 740 1063 beſchreibliche Gnade u. Segen im Jnnern
62 1049 732 1114 u. mächtige Durchhülfe im Aeußern er⸗
64 1094 744 1171 zeigt. Wie viele erwehlte Seelen hat er
62 1148 736 1217 nach u. nach aus der Welt hereingebracht,
66 1201 747 1269 u. ſie unter uns ſelig u. ſeines Verdienſtes
67 1255 747 1329 froh gemacht! Wie viele Kinder der Gemei⸗
64 1310 729 1385 ne ſind in dieſem Hauſe zu lebendigen
659 1351 747 1421 Glie⸗
