1000 1640
113 92 650 168 und Hope in Jerſey 1805.
703 105 776 182 169.
91 175 725 246 Am 10t Sept. entſchlief der verh. Br.
34 231 720 307 Ludwig Caſsler in ſeinem 88t Jahre. Er
39 291 732 359 war in der Wetterau geboren, u. hatte
41 346 678 416 die Schuhmacherprofeſſion erlernt.
41 400 701 461 Als er um ſeine Seligkeit beküm̅ert
42 452 726 520 wurde, u. ſich nach from̅en Leuten erkun⸗
43 506 726 578 digte, ſo hörte er von den Brüdern. Um
41 568 726 632 nun dieſe näher ken̅en zu lernen, beſuchte
44 619 693 689 er in Herrnhaag, u. hier hörte er den
42 685 698 743 Grafen v. Zinzendorf eine Verſam̅lung
42 726 729 794 halten, in welcher er von dem Geiſte Got⸗
43 784 726 846 tes ergriffen, u. von ſeinem verlornen
50 836 717 900 Zuſtand überzeugt wurde. Seit der Zeit
44 889 724 956 beſuchte er die öffentlichen Verſam̅lun⸗
46 944 726 1014 gen in gedachter Gemeine zum Segen für
47 1001 715 1066 ſein Herz. Einige Jahre darauf hatte er
47 1051 721 1117 eine Unterredung mit Br. Johan̅es von Wat⸗
45 1102 726 1169 tewille, welcher damals eben aus Ameri⸗
46 1158 715 1230 ka zurückgekom̅en war, u. ihm erzählte,
46 1210 745 1276 daß man daſelbſt völlige Gewiſſensfrei⸗
51 1265 722 1340 heit genieße. Sogleich entſchloß er ſich, mit
51 1323 717 1401 ſeiner Frau dahin zu ziehen. Nachdem er
677 1369 715 1428 9.
