1000 1642
180 105 283 164 348.
284 93 946 162 Diarium von Gracehill in Jrland
232 183 919 249 geſungen. Bald nach dem Lmhl ver⸗
228 240 927 300 ſamlete ſich die Gemeine wieder zu An⸗
228 294 922 356 hörung einer Rede, u. zum Schluß derſel⸗
226 349 900 409 ben wurden 6 Perſonen, die wegen Un⸗
223 403 912 465 treue ihres Rechts an der Gemeine verlu⸗
227 457 908 523 ſtig gegangen waren, auf ihre Bitte zur Ge⸗
221 515 914 572 meine readmittirt. Einer von ihnen hatte
223 566 900 631 ein Alter von 89 Jahren. Sie ſchienen alle
224 621 919 684 ſehr gerührt u. von der Gnade, die ihnen wie⸗
223 678 898 739 derfuhr, übernom̅en zu ſeyn, u. waren mit
223 729 927 792 denen aus dem alten Volke Jſrael zu verglei⸗
221 782 911 851 chen, die ihre Beſitzungen verpfändet, u. ſich
220 840 911 904 ihres Erbes verluſtig gemacht hatten, aber
221 893 915 956 unter dem Schall der Poſaune des Halljahrs
222 948 907 1011 in ihre Rechte u. Vorzüge wieder eingeſezt
222 1007 926 1065 wurden. Eine Witwe wurde in die Gemeine
221 1060 928 1121 aufgenom̅en. Nachher hatten die Com̅unican⸗
221 1114 907 1175 ten den ſeligſten Genuß des Leibes u. Blu⸗
221 1166 904 1232 tes Jeſu im heil. Amhl. Ein allgemeiner
218 1224 923 1287 Abendſegen machte den Beſchluß der Verſam̅⸗
219 1279 906 1342 lungen dieſes ausgezeichneten Segenstages.
236 1332 885 1399 D. 26 Merz gingen die meiſten Arbeiter
859 1364 910 1416 hie⸗
