1000 1643
143 131 204 191 140
227 120 880 177 Schreiben von Br. Kluge, April 1806.
208 208 927 273 getauft werde, der mache einen Bund mit dem Teufel,
206 268 906 330 den̅ unſre Lehre ſey nicht von Gott; ihre Lehre
208 324 923 387 hingegen ſey allein von Gott; ſie wüßten jetzt ſelbſt,
207 378 914 433 wie ſie leben ſollten, u brauchten uns gar nicht.
204 429 904 494 Bey dieſer Gemüthsſtim̅ung haben wir auf keine
201 487 915 542 Sicherheit unter ihnen zu rechnen, ſondern müſſen
199 542 908 599 vielmehr erwarten, daß ein jeder Böſewicht mit
205 599 910 657 uns thut, was er will. Ehe dieſe höchſt bedenklichen
204 649 910 711 Umſtände eintraten, gedachten wir zwar den Rath
202 709 921 768 unſrer l. Brüder zu befolgen, u unſren Wohnplatz
203 763 907 818 zu verändern. Wir haben uns auch viele Mühe
202 817 891 876 um einen andern ſchicklichen Platz an dieſem
200 872 890 929 Fluſſe gegeben; allein wir haben keinen finden
198 911 932 989 kön̅en. Da iſt den̅ unſer nächſter Gedanke geweſen
199 978 919 1036 uns auf dem Lande anderer in der Nähe befindlicher
196 1033 909 1092 Jndianer⸗Nationen niederzulaſſen, wenigſtens für
196 1088 900 1142 die Zeit. Nun aber, da wir ſeit der Ermordung
198 1136 915 1204 des Br. Joſua ganz allein ſind, u von den Geſin-
200 1193 909 1249 nungen andrer Jndianer⸗Nationen gegen uns
198 1250 903 1308 keine gute Begriffe haben, auch nicht mit ihnen
196 1300 904 1356 reden kön̅en; da wir ferner vorausſetzen
197 1352 905 1405 kön̅en, daß uns keine der Delawaren, um welcher
803 1400 882 1450 willen
