1000 1641
219 102 557 166 vom Jahr 1805.
718 113 798 159 347.
56 184 745 258 ein Lmhl, wobey zuerſt die Geſchichte des
53 238 736 311 Tages aus dem damals geführten Diario
54 291 750 364 geleſen wurde. Man erin̅erte ſich dabey leb⸗
54 347 754 419 haft an den Geiſt, der in den erſten Zeiten
53 400 749 473 in der Gemeine herrſchte, u. die drey Perſo⸗
53 455 752 526 nen, welche von den 46, die bey der erſten
55 509 763 586 Einrichtung hieſiger Gemeine in dieſelbe auf⸗
58 571 750 635 genom̅en wurden, noch in unſrer Mitte ſind,
58 620 752 690 u. auf der Arbeiter⸗Bank ſaßen, wurden
59 681 746 747 von der ganzen Gemeinde herzlich geſegnet.
62 729 739 799 Es ergab ſich auch, da die Geſchwiſter der
64 775 739 859 geſchehenen Aufforderung gemäß auf⸗
63 835 745 905 ſtanden, daß 12 noch am Leben ſind, die da⸗
62 887 752 958 mals zur Societät gehörten, u. 30 bis 40,
64 939 766 1010 die ſich des Br. Cenniks noch erin̅ern konten.
63 993 732 1066 So gedachte man auch unſers l. Br. John
67 1050 786 1120 Caldwells in Haverfordweſt, als der 4ten noch
66 1097 763 1174 lebenden Perſon aus obgedachter Geſell⸗
70 1160 776 1232 ſchaft. Hierauf wurden 40 Perſonen, von
72 1212 760 1279 denen der älteſte gegen 70 Jahre alt war,
75 1264 750 1340 zur Societät hinzugethan, u. ſodan̅ wurde
72 1310 767 1396 ein auf dieſe Gelegenheit gefertigter Pſalm
718 1358 769 1411 ge⸗
