1000 1643
199 105 276 167 186.
418 98 718 176 Wachauiſche
235 181 915 243 der Kinder u. die übrigen Gäſte be⸗
238 237 912 303 reits befanden. Nach Abſingung eines
236 295 911 354 muſicaliſchen Stücks wurde dem Hld
234 347 884 406 in einem brünſtigen Gebet des Br.
232 404 899 467 Reichels unſer herzlicher Dank darge⸗
233 458 879 520 bracht, daß der Bau dieſes Hauſes ſo
233 510 919 574 glücklich vollendet worden iſt; u. ihm daſ⸗
231 569 919 627 ſelbe zu einer Friedensſtätte u. Segens⸗
232 625 919 689 wohnung feyerlich geweihet. Zugleich wur⸗
231 681 921 742 de er herzlich angefleht, alle diejenigen,
233 742 925 797 die in dieſem Hauſe die Erziehung u. den
228 787 920 848 Unterricht beſorgen werden, mit Weis⸗
231 839 908 908 heit, Geduld u. Liebe zu den Kindern zu
228 895 905 960 ſegnen; den Töchtern aber, die in dieſem
226 944 901 1014 Hauſe wohnen, oder auch nur die Schulen
227 1005 906 1068 beſuchen werden, nicht nur Gehorſam u.
231 1058 915 1126 Fleiß, ſondern auch einen tiefen Eindruck
226 1115 878 1177 von ſeiner Liebe ins Herz zu ſchenken.
229 1174 921 1235 Hierauf wurde ein Liebesmahl gehalten,
226 1225 919 1286 bey welchem ſich der Geſang der Kinder be⸗
228 1282 915 1339 ſonders ſchön u. lieblich ausnahm. Der Be⸗
226 1329 883 1396 ſchluß dieſes Tages wurde mit einem
833 1370 910 1414 fey⸗
