1000 1642
197 112 293 164 272.
325 98 885 174 Br. Gregors Beſuch auf den
241 181 927 244 mich in der Stille dem Heiland. Als wir
235 239 908 297 nun bey der vorhin erwähnten Quelle
241 291 924 352 vorbey in den dichten Wald kamen, tra⸗
239 347 924 407 fen wir den Paſt. Jauch, welcher von
237 401 906 461 dem bey ihm befindlichen Räuber be⸗
234 457 927 517 reits bis auf das Hemd entkleidet war.
239 510 917 576 Eben dieſes geſchahe nun auch mir. Als⸗
234 567 920 629 dann wurden dem Paſt. Jauch mit mei⸗
234 623 922 679 nem Halstuch, u. mir mit einem meiner
230 670 919 734 Strumpfbänder die Hände auf dem Rük⸗
232 734 919 790 ken zuſam̅en gebunden, u. endlich ſchnür⸗
229 794 920 842 te einer der Räuber mit einem Strei⸗
232 837 930 899 fen Baſt, den er von einem Weidenbaum
234 892 904 957 abſchälte, unſre beyderſeitigen Hände
230 950 920 1015 ſo gegen einander, daß wir, da wir auf
229 1005 913 1068 der Erde lagen, unmöglich aufſtehen kon⸗
227 1066 880 1119 ten. Nun rafften die Räuber unſre
220 1111 916 1176 Kleider zuſam̅en, u. eilten ſo ſchnell als
229 1165 895 1226 möglich davon. Sobald ſie fort waren,
229 1223 919 1284 ermunterte ich meinen Leidensgefährten,
227 1283 907 1337 uns wo möglich unſrer Banden zu ent⸗
225 1334 903 1399 ledigen. Er klagte über Schmerzen auf
835 1381 892 1422 der
