1000 1643
155 120 219 178 126
232 113 932 189 Berichte Engliſcher Gemeinen, 1804 u 1805.
224 198 915 256 daß man ihr baldiges Ende vermuthen kon̅te. Die
222 252 925 307 Schw. Latrobe beſuchte ſie am 10ten u verbrachte den
221 303 924 365 ganzen Tag bey ihr zu beyderſeytiger Erbauung.
214 358 916 418 Dem Wunſch der Kranken zufolge kam auch Br.
224 411 915 473 Latrobe zu ihr, um mit ihr u ihrer Familie
220 471 912 530 ein Gebet zu thun. Diejenigen, welche bey
215 526 926 579 dieſem Gebete gegenwärtig waren, werden es nicht
221 581 919 640 vergeſſen, was für ein außerordentliches Gefühl
219 633 921 689 der nahen Gegenwart unſers lieben Herrn u des
215 681 913 744 Friedens Gottes bey dieſer Gelegenheit waltete.
221 740 916 797 Es war deutlich zu merken, daß der Heiland
219 796 921 856 die Seele dieſer Kranken auf eine beſonders
219 852 915 917 ſelische Weiſe zum Eingang in das Him̅elreich
212 909 921 967 zubereitete. Die Schw. Latrobe ſagte beym Abſchied
211 963 918 1019 zu ihr: ſie ſehe mit größerer Gewißheit, als jene
212 1015 920 1070 Kranken am Siechenteiche der Befreyung von allen
210 1067 921 1130 Schmerzen entgegen; den̅ bald werde ihr Heiland
207 1121 917 1190 da ſeyn, um ſie in das geſunde Reich aufzuneh⸗
204 1180 910 1237 men. Wie glücklich ſei ſie, da ſie Jhn mit den
204 1227 910 1290 Worten empfangen kön̅e: du biſt mein u ich
202 1285 910 1337 bin dein. Sie antwortete mit heiterm Blick:
201 1339 915 1409 ich kan̅ in Wahrheit ſagen, daß ich dieſe Hoffnung
868 1384 887 1452 u
