1000 1641
54 99 634 183 in ihr Chorhaus in Hhut 1806.
708 109 794 181 319.
52 175 709 249 ſes Hauſes u. ſeiner Einwohner be⸗
49 236 719 303 wieſen hat, beſonders in der Kriegs⸗
50 287 722 357 zeit u. im Anfang der 70er Jahre, da
49 341 687 412 die Theurung, ſonderlich des Brodes,
51 400 724 470 aufs höchſte geſtiegen war; wozu noch
52 454 727 523 kam, daß nach dem Synodo 1769. über
50 508 727 574 50 Perſonen auf einmal aus der Uni⸗
53 560 705 629 täts⸗Anſtalt aufgenom̅en werden
55 617 730 685 mußten, deren Unterbringen u. Ver⸗
57 670 723 738 ſorgung mit Arbeit — woran damals
57 729 730 796 Mangel war — nicht geringe Sorgen u.
56 775 737 852 Schwierigkeiten verurſachte. Durch ſei⸗
58 832 710 902 nen milden Segen aber ließ er uns
62 880 744 953 doch alles Nöthige zufließen, u. bewieß
64 939 735 1011 ſeine mächtige Durchhülfe in allen u.
64 993 750 1066 jeden Fällen; wie wir ſolches auch in den
62 1051 729 1120 bisherigen theuren Zeiten aufs neue
65 1099 713 1168 mit tiefſtem Danke erfahren haben.
65 1159 753 1222 So gedenken wir auch ſeiner väterlichen
72 1206 749 1283 Fürſorge bey dem Durchkom̅en ſo vieler
68 1260 751 1331 armen, alten u. ſchwächlichen Schweſtern,
70 1314 751 1392 die ihm im̅er nachrühmen konten, daß ſie
674 1369 741 1398 nie
