1000 1641
219 108 540 165 vom Jahr 1805.
727 105 808 163 377.
86 170 759 240 D. 22 July wurde die Knaben⸗Anſtalt
58 231 752 295 in Gracehill mit der im April ein kleiner
57 287 774 353 Anfang gemacht wurde, förmlich in einem
60 336 734 407 Theil des des Brüderhauſes eröfnet u.
60 388 751 466 gehörig eingerichtet. Die Geſchw. Pretzels
59 445 760 515 wurden als Anſtalts⸗Eltern vorgeſtellt,
63 502 760 569 u. auſſer den Brrn Hartley u. Montgom̅ery
63 554 760 624 iſt der Br. Nathanael Rea als Lehrer ange⸗
64 606 751 682 ſtellt. Bey dieſer Gelegenheit kan auch
64 664 766 734 angeführt werden, daß unſre hieſige Mäd⸗
67 716 775 794 chenanſtalt ſich in einem blühenden Zuſtand
68 775 746 844 befindet. Zu unſrer Freude haben wir
68 828 760 897 wahrnehmen kön̅en, daß ſich bey den mei⸗
69 876 759 950 ſten Zöglingen wahre Liebe u. Reſpect für
69 937 733 1001 die Brüdergemeine äußert, u. daß bey
71 987 742 1054 einigen eine wahre Gnadenarbeit des
73 1036 737 1115 Geiſtes Gottes zu ſpüren iſt. Auch iſt die
72 1094 762 1168 Mädchen Schule im Orte ſehr zahlreich aus
76 1148 772 1215 der umliegenden Gegend beſucht worden,
77 1198 770 1272 u. der Segen des Herrn hat augenſcheinlich
79 1259 771 1322 darauf geruht. Für die großen Kna⸗
77 1303 768 1390 ben hat Br. Prosky eine Abendſchule an⸗
714 1354 764 1412 ge⸗
