1000 1641
222 106 563 166 vom Jahr 1805.
715 114 797 165 337.
50 182 752 255 der liebe. Jch empfand in der That Freu⸗
49 239 747 304 de über den alten Patriarchen; ich ſang u.
49 290 752 361 betete mit ihm, u. bin verſichert, daß wen̅
51 346 742 421 ich ihn auch hienieden nicht wieder ſehe, ich
51 401 751 470 ihn dort oben treffen werde. Nachdem
52 457 747 527 wir noch 2 andre Familien beſucht hatten,
56 516 745 579 begaben wir uns auf den Rückweg, und
54 563 753 636 kamen wohlbehalten in Gracehill an, mit
57 619 753 691 Dankbarkeit gegen unſern Herrn u. Hld
59 675 747 749 für ſeine gnädige Bewahrung auf der
62 725 767 804 ganzen Reiſe zu dieſer rauhen Jahreszeit.
96 784 751 855 Mittlerweile hatte Br. Montgom̅ery
64 835 733 904 die Verſamlungen in Gracehill beſorgt.
84 885 770 952 D. 19t wurde das Töchterchen der Schw. Jane
62 936 774 1011 McCraight in Lisnafillen getauft. Die Lage
68 995 763 1066 dieſer armen Schweſter iſt beſonders hart,
70 1052 765 1117 indem ihr Man̅ ſie vor ein paar Monaten
70 1101 760 1171 verlaſſen hat, um ſein Glück in Amerika
75 1157 762 1232 zu ſuchen. Es iſt zum Erſtaunen, wie viele
68 1207 750 1286 Menſchen bey der geringſten Ausſicht zu
72 1259 770 1338 Verbeßerung ihrer Umſtände aus dieſem
72 1314 772 1392 Lande nach Amerika auswandern. Mehrere
698 1367 767 1414 jun⸗
