1000 1642
201 91 293 158 256.
320 91 831 161 Schreiben des Br. Fabricius
257 169 926 251 berſchlag über 1000. Rthlr., auſſer dem,
250 243 927 304 was Privatperſonen dabey von ihrem
252 291 929 356 Eigenthum verloren haben. Das Vor⸗
250 350 919 417 werk Döben hat am meiſten gelit⸗
250 406 937 478 ten; indem auf demſelben die Caſse,
257 466 943 539 (ca 900. rthlr.) rein ausgeleert u. über⸗
250 528 885 586 dem auch alles, was nur einigen
247 580 922 640 Werth hatte, iſt geplündert worden,
251 640 927 701 zu geſchweigen, was daſſelbe an Füt⸗
245 696 896 755 terung verloren hat. Auch ſäm̅tle
253 752 904 809 Pferde bis auf eins, das blind war,
249 806 924 867 wurden genom̅en. Seit dem 21ſten
249 861 900 920 ſchwebten wir alle Tage wegen der
248 917 893 984 herumſchweifenden Marodeurs in
244 970 920 1036 Angſt u. Unruhe, bis wir am 27ſten
248 1028 931 1091 dieſes durch Vermittelung eines Säch⸗
247 1085 917 1150 ſiſchen Majors einen von den Gens
248 1143 897 1205 d'armes als Salve garde erhielten.
279 1196 895 1262 Seitdem haben wir, dem Hld. ſey
246 1252 917 1312 Dank, wieder etwas Ruhe gehabt, u.
243 1309 919 1379 unſre Verſam̅lungen, die in der vo⸗
807 1370 911 1428 rigen
