1000 1642
190 105 280 169 220.
317 93 836 183 Diaspora im Vogtland,
232 172 920 239 des Glaubens hinſchauen. Der Mann
231 233 912 290 ſowol als ſeine Frau hörten mir mit
232 283 923 351 ſichtbarer Rührung zu, u. bezeugten her⸗
230 347 932 407 nach, ſie ſeyen durch meinen Zuſpruch recht
229 400 545 450 erquickt worden.
274 441 917 510 Jn Schönbach erzählte mir Past. Bin⸗
230 502 917 564 ger: daß die monatliche Zusam̅enkunft
231 557 924 623 von etwa 16. Predigern daſiger Gegend
227 611 935 675 fortwährend in geſegneten Gange ſey,
227 665 942 733 ſie unterhielten ſich bey dieſer Zusam̅en⸗
229 717 908 783 kunft theils über ein Kapitel der heil.
226 769 886 840 Schrift, theils über ihre Amtsführung.
258 835 913 893 Eine Frau in Frobersgrün, eine leib⸗
228 882 909 943 liche Schweſter des bekanten Miſſiona⸗
226 934 917 1000 rius Jeſu in Oſtindien, hatte es bey mei⸗
226 994 900 1057 nen Bekanten beſtellt, daß wen̅ ich zu
225 1053 900 1113 ihnen käme, ſie mich auch zu ihr weiſen
222 1102 906 1166 möchten. Jch hatte mit ihr eine Unterre⸗
224 1159 915 1221 dung hauptſächlich vom Seligwerden, wo⸗
226 1212 935 1278 bey ſie recht heiter wurde. Jhr Man̅ hörte
224 1276 905 1330 unſrer Unterhaltung aufmerkſam zu,
227 1324 906 1390 u. wie es ſchien, mit Wohlgefallen, und
850 1381 900 1413 ſie
