1000 1643
175 113 228 176 80.
238 110 906 175 Beſuch in Mähren, April 1806.
219 200 912 263 worden, u der größte Theil unſrer übrigen
215 257 911 321 Bekan̅ten 〚bey Gelegenheit gegenwaärtigen〛
217 313 922 368 〚Epidemie〛 lag noch krank, welches uns hinderte,
214 369 923 426 ſie alle beyſam̅en ſehen zu kön̅en. Jndeſſen
210 422 921 479 verſam̅elten ſich am Son̅tag den 20ſten April
215 475 920 533 Nachmittags 7 unſrer Geſchwiſter in Sehlen,
212 530 923 584 mit denen wir eine erbauliche Unterredung
215 584 922 640 hatten, u uns in einigen Verſen zu neuer
212 637 915 695 Treue u ganzer Hingabe an den Heiland mit
211 693 915 749 ihnen verbanden. Jn beyden Dörfern ſind
210 750 923 803 außer unſern Geſchwiſtern nur ſehr wenige,
211 801 917 863 die ſich zu der evangeliſchen Kirche halten, u
210 855 914 911 dieſe ihre Kirche iſt eine Stunde ſeitwärts in
207 908 910 969 Hotzendorf. Da wir den Son̅tag über allhier
209 962 916 1024 verweilten, ſo gingen wir mit einem unſrer
205 1016 916 1075 Brüder dahin, u beſuchten den daſigen Pre⸗
207 1068 914 1125 diger Piletſchky, welcher ein lieber u von
210 1125 912 1187 unſern Geſchwiſtern ſehr geſchätzter junger
207 1181 915 1238 Man̅ iſt. Durch ſie hatte er ſchon verſchie⸗
209 1231 911 1286 denes von der Brüdergemeine gehört u er
207 1284 920 1341 erkundigte ſich nun noch genauer nach den Ein⸗
210 1339 925 1399 richtungen u beſonders nach den gottesdienſtlichen
856 1384 915 1445 Ver⸗
