1000 1642
80 106 757 168 Von Stockholm 1801, 1802 u 1803.
758 121 821 188 39.
70 197 748 264 Sie ſprangen darauf alle in die See, um ſich
70 253 761 316 mit Schwim̅en an das Land zu retten, wurden
72 301 752 368 aber ſäm̅tlich von den Wellen verſchlungen.
73 359 766 428 Groth u ein anderer mit ihm reiſender Satt⸗
72 414 739 480 lergeſell wurden, weil ſie nicht ſchwim̅en
76 465 767 533 kon̅ten, auf dem Schiffe zurückgelaſſen, u er⸗
75 522 767 585 warteten, indem ſie ſich an den großen Maſt
80 571 765 644 feſthielten, ihr ferneres Schickſal. Es währte
78 629 752 699 nicht lange, ſo ſchlug das Schiff um, u beyde
80 681 770 750 fielen in die See, ergriffen aber glückli⸗
83 736 773 808 cher Weiſe ein Tau, mit welchem ſie ſich wie⸗
83 789 760 856 der auf das Schiff hinaufarbeiten kon̅ten.
84 843 770 911 Auf dem Schiffskiele ſitzend, trieben ſie nun
83 894 767 965 Anfangs der offenen See zu, bis der Wind
87 951 772 1016 ſich vortheilhaft änderte, u ſie an der Scho⸗
86 1005 776 1070 niſchen Küſte zu Lande führte. Dankbar für
88 1062 773 1122 dieſe Errettung, aber entblößt von allem,
89 1109 778 1177 kam Groth zum Paſtor Windling in Höja,
92 1163 776 1231 welcher zugleich mit dem Paſtor Thulin in
91 1217 788 1279 Allrum ihn mit dem Nothwendigſten unterſtützte,
93 1270 776 1332 u ihm beförderlich war, nach Copenhagen zu
93 1321 784 1387 kom̅en. Hier wurde er von den Geſchwiſtern
729 1370 781 1411 in
