1000 1642
164 106 272 164 368.
272 102 869 168 Diarium von Gracehill in Irland
208 181 899 241 nen ausbrach, u. lange nicht zu Worten
207 231 905 296 kom̅en konte. Alle Anweſende ſchienen
208 289 889 358 von dem nemlichen Geiſte ergriffen zu
209 344 897 406 ſeyn, u. die meiſten weinten laut. Dabey
206 398 914 465 konten wir jedoch einigen Troſt aus der gnä⸗
208 451 908 520 digen Verheißung in der Tagesloſung ſchöp⸗
207 510 908 573 fen: Jch will das verlorne wiederſuchen u.
207 566 912 631 das verirrte wiederbringen. Nachdem Br.
205 623 913 684 Hartley mit den 7. anweſenden Gemeinglie⸗
209 678 915 738 dern einzeln geſprochen hatte, unter denen
209 731 916 795 ſich einige ſehr liebe Leute befinden, beſchloß
206 784 908 851 er, zu den Herrn, an den die Grundſtücke u.
205 838 905 902 Gebäude verkauft ſind, zu gehen, u. einen
204 891 905 956 Verſuch zur Wiedererlangung derſelben zu
207 948 903 1014 machen. Ob er aber gleich ſelbſt nicht unab⸗
208 1004 910 1072 geneigt war, dieſelben wieder abzulaßen,
208 1057 893 1121 ſo konte doch der Pächter, in deßen Händen
208 1108 903 1179 ſie ſich gegenwärtig befinden, nicht zu Räu⸗
203 1168 918 1228 mung derſelben vermocht werden, u. bleibt
201 1223 861 1282 Drumargon für die Brüder verloren.
239 1271 909 1345 D. 29t predigte Br. Hartley in einem Schul⸗
207 1330 899 1402 hauſ vor einer anſehnlichen Geſellſchaft,
841 1392 885 1434 u.
