1000 1642
175 103 276 164 374.
275 93 921 161 Diarium von Gracehill in Irland
216 173 910 236 nem Hauſe predigen möchte. Da die An⸗
218 229 916 295 zahl der Zuhörer beträchtlich war, ſo wur⸗
215 282 914 344 de für den Prediger ein Zelt vermittelſt
216 333 917 397 eines Karren errichtet, u. das Auditori⸗
215 390 917 450 um lagerte ſich auf den Raſen an einen
214 445 936 509 troknen Hügel. Dieſe Scene machte einen
215 497 875 565 ſehr lieblichen u. erheiternden Eindruck
217 557 916 618 auf die Anweſenden. D. 25t begab ſich Br.
211 612 909 673 Hartley auf eine Reiſe nach Dublin, wobey
218 670 919 731 ſeine Abſicht war, verſchiedene Gemeinen
218 723 921 783 zu beſuchen und in 3 oder 4 Wochen wieder
212 775 932 840 nach Hauſe zu kom̅en. Von dieſer Reiſe wird
217 834 742 897 folgendes kürzlich angemerkt:
242 885 917 945 Den erſten Tag ging er nach Ballinder⸗
213 937 909 1009 ry, wobey er ſich durch die Wildheit ſeines
214 993 907 1065 Pferdes genöthigt ſahe den größten Theil
217 1052 908 1117 des Weges zu Fuß zurückzulegen. Dieſes
215 1110 909 1164 hatte ihn dergeſtalt ermüdet, daß er auf
213 1163 904 1225 der Kanzel beynahe von einer Ohnmacht
212 1209 906 1270 befallen worden wäre; er bat aber den
210 1264 905 1330 Hld um Stärke, u. wurde während des Ge⸗
212 1319 934 1393 ſanges eines Verſes außerordentlich geſtärkt,
868 1381 891 1410 u.
