1000 1641
135 120 195 180 38.
196 116 891 166 Von Stockholm 1801, 1802 u 1803.
197 206 894 262 in Nyland geboren, u erlernte die Schneider⸗
196 263 901 319 profeſſion. Als er ungefähr 25 Jahre alt war,
196 317 886 368 kam er nach Stockholm, wo er im Jahre 1784
196 362 885 426 mit den Brüdern bekan̅t wurde, u ſich ihre
199 421 876 482 Gemeinſchaft zum Segen für ſein Herz zu
194 477 895 536 Nutze machte. Jm Jahre 1789 begab er ſich nach
195 530 893 586 Gothenburg, in der Abſicht, von da zur Brü⸗
194 587 892 639 dergemeine nach Zeist zu reiſen, woran ihn
197 639 896 696 jedoch der damalige Krieg hinderte. Nachdem
193 696 893 755 er ſich ein Jahr lang in Gothenburg aufgehalten,
194 750 891 807 u daſelbſt die Liebe der Geſchwiſter genoſſen
196 804 889 862 hatte, entſchloß er ſich über Copenhagen nach
192 857 888 918 Christiansfeld zu reiſen. Auf dieſer Reiſe
195 911 883 970 erfuhr er eine ſehr anmerkliche Bewahrung
192 966 890 1018 Gottes. Das Schiff, mit welchem er von Gothen⸗
191 1015 888 1077 burg abgehen ſollte, wurde noch im Hafen durch
196 1073 887 1125 einen ſtarken Sturm von ſeinen Ankern
193 1127 885 1182 losgeriſſen u in die offene See getrieben.
193 1178 894 1238 Nachdem die darauf befindlichen Perſonen lang
194 1234 888 1289 hin u her geworfen worden waren, u keine
194 1284 893 1341 Rettung mehr ſahen, verſuchten die Bootsleute
191 1339 887 1396 das Boot auszuſetzen, welches aber umſchlug.
834 1381 890 1415 Sie
