1000 1641
256 110 583 168 vom Jahr 1805.
718 106 794 165 361.
52 175 760 253 hill , hieher gebracht, um auf unſerm Got⸗
49 240 746 309 tesacker begraben zu werden. Unſer
54 288 740 360 ſel. Bruder hat, ſo viel wir wiſſen, keine
54 342 751 413 ſchriftliche Nachricht von ſeinem Lebens⸗
53 400 748 474 gange hinterlaßen, daher nur folgendes
54 456 755 526 von ihm angeführt werden kan: Er war
59 512 758 576 geboren d. 15. Merz 1731. zu Derryarrish
56 568 745 632 bey Ballinderry. Seine Eltern waren
62 613 772 682 durch die Predigten des Br. Cenniks erwekt
59 668 747 742 worden, u. hatten ſich an die Brüder⸗Ge⸗
56 722 763 796 meine angeſchloßen. In ſeinen Jugendjah⸗
61 777 760 845 ren wurde er ſelbſt ein Mitglied derſel⸗
64 830 750 901 ben, u. bewieß ſich in ſeinem Chor als
65 884 757 952 ein Herz, das Gnade vom Hld erfahren
68 937 769 1013 hat u. ihm getreulich anhängt. Er wurde da⸗
66 993 779 1067 her bald dazu angeſtellt, nicht nur Claſſen
66 1048 770 1120 u. Geſellſchaften zu halten, ſondern auch
71 1100 767 1171 das Evangelium auf dem Lande zu predi⸗
72 1157 761 1221 gen. Dabey blieb er auf ſeinem Bauer⸗
72 1199 758 1279 gut, u. trieb die Handthierung ſeines Va⸗
73 1259 750 1331 ters als ein Drechsler bis ao. 1787, da
74 1310 774 1391 er in ſeinem 56ſten Jahre ganz zum Dienſt
701 1356 755 1421 des
