1000 1641
715 106 804 165 349.
219 97 522 160 vom Jahr 1805.
54 174 720 250 hieſiger Gemeine u. verſchiedene andere
54 228 753 304 Geſchwiſter nach Ballinderry, um das Jubel⸗
56 282 742 357 feſt der dortigen Gemeine mitzufeyern.
90 339 750 404 D. 27t war eine öffentliche Predigt in der
56 383 749 465 Capelle zu Ballinderry über die Poſaune des
60 448 750 523 Halljahrs, vor einem zahlreichen u. aufmerk⸗
58 501 741 573 ſamen Auditorio. D. 28 März war für die
58 551 765 630 Gemeine in Ballinderry ein reicher Segenstag.
62 609 748 682 Zum Lmhl waren auch verſchiedene unſrer
62 663 752 737 gut denkenden Nachbarn u. Freunde, u. unter
61 715 755 791 andern der Pfarrer des Kirchſpiels eingela⸗
62 766 775 840 den worden, welche ſich insgeſamt über die der
65 825 783 903 Gemeine geſchenkten Segen zu freuen ſchienen.
63 877 755 948 Man beſprach ſich dabey viel über den einſt
67 936 769 1004 blühenden Wohlſtand dieſer Gemeine, u. von
66 981 778 1055 den Mißhandlungen u. Proben, welche dieſelbe
70 1037 760 1113 auszuſtehen hatte. Dieſe haben derſelben
71 1093 758 1164 indeß nicht ſo viel Schaden zugefügt, als die
69 1149 767 1219 Untreue u. der Abfall mancher Gemeinglie⸗
71 1207 768 1273 der; um ſo mehr iſt zu wünſchen, daß eine neue
72 1249 770 1330 Stunde der Gnadenheimſuchung für dieſe Ge⸗
72 1309 774 1389 meine ſchlagen möge. Jn dieſer ſo wie in den
686 1356 773 1420 übrig⸗
