1000 1641
30 131 745 210 Berichte Engliſcher Gemeinen 1804 u 1805.
735 144 804 203 109.
28 213 718 276 zu den Füßen meines Heilandes, u mit in̅igem
20 265 721 329 Dank für Seine unverdiente Gnade: ich habe die
26 319 719 381 ſeligmachende Kraft Seines Blutes an meinem
26 367 726 443 ſündigen Herzen erfahren; ich glaube dem Zeugniß
28 424 720 494 des heil. Geiſtes zufolge, daß mein unwürdiger
26 476 718 547 Name im Buche des Lebens geſchrieben ſteht, u
31 529 725 598 daß ich durch das Opfer, welches der heilige u un⸗
31 581 720 653 ſchuldige Sohn Gottes auf dem Altar des Kreuzes
30 639 730 709 dargebracht hat, von endloſem Wehe erlöſt bin. Dem
33 694 728 762 zufolge wünſche ich mir, ein Mitglied einer chriſt⸗
34 749 714 818 lichen Geſellſchaft, ſowie es die Eurige iſt, zu
33 800 727 868 werden, theils um Eurer Fürbitte u Eures brü⸗
39 855 727 924 derlichen Rathes verſichert zu ſeyn, theils um in
39 908 732 979 Gemeinſchaft mit Euch meine Wanderſchaft durch
42 964 730 1036 dieſe Zeit fortzuſetzen; u mich mit Euch der Hoff⸗
44 1013 736 1085 nung zu freuen, einſt zu der ſeligen Schaar zu
43 1069 724 1135 gelangen, die vor dem Throne Gottes ſteht, u
43 1115 742 1195 den von Angeſicht ſieht, der ſie mit Seinem Blut
45 1184 229 1244 erkauft hat.
85 1223 735 1293 Jn einem folgenden Briefe ſchreibt er unter
48 1280 735 1343 andern: die ächte Liebe zu Jeſu bringt in dem
56 1332 739 1403 Herzen, das ſie erfüllt, auch eine wahre u lautere
662 1377 736 1421 Liebe
