1000 1641
208 110 536 172 vom Jahr 1805.
712 118 785 165 371.
46 175 751 259 det, ſich die noch übrigen koſtbaren Augen⸗
44 244 747 312 blicke ſeines Lebens gut zu Nutze zu ma⸗
46 291 762 370 chen, u. nach Jeſu aufzublicken, u. zu ihm um
47 351 752 420 Vergebung ſeiner Sünden zu beten. Er er⸗
45 402 743 474 klärte, daß er ſeine einzige Hofnung auf
49 462 748 528 die Verſöhnung Chriſti ſetze, u. zeigte eine
49 511 713 587 wahrhaft ſünderhafte Herzensſtellung,
50 565 754 644 daher man hoffen konte, daß der Hld ihn als
52 621 755 692 einen reumüthigen Sünder auch noch in der
54 674 758 742 eilften Stunde annehmen werde. Noch den
54 728 755 796 nemlichen Abend verſchied er. Bey ſeinem
54 781 733 849 Begräbniß d. 12t redete Br. Montgom̅ery
57 838 743 908 vor einem ſehr zahlreichen Auditorio un⸗
57 887 775 960 ter freyem Himmel über die Worte des Hlds:
64 949 555 1016 Darum ſeyd auch ihr bereit p.
77 998 762 1066 D. 15 Jun. war das Begräbniß der hinter⸗
62 1052 772 1121 laßenen Gebeine der alten Witwe Anne
60 1101 760 1174 Huy. Sie war vor mehrern Jahren eine Ein⸗
65 1155 772 1228 wohnerin unſers Orts geweſen, mußte aber
64 1208 760 1284 wegen der Vergehung eines Mitglieds ih⸗
67 1269 770 1334 rer Familie nach Gilgorm verſezt werden.
70 1315 760 1401 Hier gerieth ſie in große Armuth, u. da ſie
709 1364 743 1418 ihr
