1000 1642
114 136 729 192 Beſuch in Mähren, April 1806.
748 135 802 186 75.
62 220 765 290 geliſchen Kirche halten; daher die Erweckten, wen̅ ſie
65 277 757 338 ſich unter einander erbauen wollen, wozu ſie
68 327 772 388 von uns liebreich aufgefordert wurden, von keiner
64 377 782 446 Seite ſonderliche Hinderniſſe zu befürchten haben.
67 436 762 501 Nach einem herzlichen Abſchied begleiteten uns
69 487 770 553 des Nachmittags zwey unſrer Brüder eine Stunde
67 540 769 607 weit nach Kunewalde, wo wir der Gutsherrſchaft,
69 596 771 662 der Gräfin v. Truchſeſs die Aufwartung machten.
68 651 768 713 Sie iſt eine wahre Mutter ihrer Unterthanen,
71 702 771 769 u ungeachtet ſie zur katholiſchen Kirche gehört,
74 758 773 822 zeigt ſie doch eine beſondere Vorliebe zu un⸗
74 810 784 881 ſern Geſchwiſtern. Auf ihrem Schloſſe unterhält
74 864 775 930 ſie ein Jnſtitut, in welches ſie aus ihren Dorf⸗
76 919 758 984 ſchaften arme Kinder beyderley Geſchlechts
80 972 774 1035 aufnim̅t, u für deren Koſt, Kleidung u nö⸗
79 1021 780 1090 thigen Unterricht ſie mütterliche Sorge trägt.
75 1081 774 1143 Die Aufſicht über das Schulweſen beſorgt ein
77 1133 784 1198 von ihr angeſtellter Pater, welchen wir ebenfalls
81 1184 788 1250 beſuchten, u der uns ſehr freundſchaftlich be⸗
83 1238 785 1299 handelte. Er iſt ein allgemein beliebter Geiſt⸗
84 1289 786 1352 licher, u ſchätzt auch unſre Brüder. Die epi⸗
85 1345 784 1406 demiſche Krankheit griff an dieſem Orte im̅er
714 1386 775 1444 noch
