1000 1641
184 118 231 173 2.
257 121 924 171 Brief von Br. Bonatz, Febr. 1806.
203 205 901 258 oberwähntem Tage mancher ſorgliche Gedanke auf,
201 256 899 314 u wir ſeufzten öfters zum Heiland, daß Er uns
199 309 897 361 vor allem Schaden, der uns etwa in der folgen⸗
198 366 895 421 den Nacht begegnen kön̅te, in Gnaden bewahren
198 423 894 472 wolle. Mit ſolchen Gedanken ſchliefen wir ein,
197 473 897 531 u genoſſen Ruhe bis nach Mitternacht gegen halb
199 524 897 580 zwey Uhr. Meine Frau erwachte von uns beyden
197 581 886 642 zuerſt, da ſie hörte, daß der Capitain wegen
196 639 895 700 einer Gefahr geweckt wurde. Sie rief mir zu,
195 690 897 757 aber ich ſchlief zu feſt. Einige Minuten darauf
193 749 903 805 wurde ich durch einen entſetzlichen Knall u hef⸗
191 803 881 859 tige Erſchütterung des Schiffes wach, u dachte
196 858 882 917 gleich, daß das Schiff auf den Grund gelaufen
195 916 895 971 ſey. So war es auch. Bey jedem Windſtoß erfolg⸗
189 969 895 1026 te ein neuer mit einer ſchauderhaften Bewegung
191 1024 889 1078 verbundener Knall, der uns Unglück drohete.
193 1076 883 1130 Es wurden in möglichſter Geſchwindigkeit alle
189 1125 889 1184 Anſtalten zur Rettung der Menſchen gemacht,
193 1180 895 1238 auch mehrere Notſchüſſe gethan, um Hülfe vom
189 1231 885 1286 Lande zu bekom̅en. / Man glaubte, daß wir
192 1288 893 1338 nahe bey Chriſtianſand in Norwegen wären;
190 1340 900 1390 noch jetzt weiß man aber nicht recht, wo wir uns
791 1375 901 1437 befunden
