1000 1643
169 116 228 175 86.
235 116 887 195 Beſuch in Mähren, April 1806.
218 211 917 265 unbegraben liegen geblieben wären; vielmehr
212 264 922 321 wurde behauptet, daß nach drey Tagen alles der
212 318 916 376 Erde übergeben geweſen, nachher aber freylich
208 373 918 425 von den Feldbeſitzern noch mehr bedeckt worden
212 418 913 483 ſey. Die Zahl der Getödteten gab man ver⸗
206 480 917 538 ſchieden an; als ganz zuverläßig aber wurde
206 534 921 595 durchgehends verſichert, daß mehr von der fran⸗
207 589 921 647 zöſiſchen als von der andern Parthey geblieben
207 641 917 701 wären. Außer dieſen Trauerplätzen zeigten
205 698 922 757 die hier herum liegenden Ortſchaften häufige
206 751 919 810 Merkmale der Verwüſtung jenes unglückli⸗
207 805 909 868 chen Krieges. Hier ein Dorf, deſſen Häuſer
203 863 909 921 größtentheils keine Dächer u Sparrenwerke
207 915 912 971 mehr haben. Dort ein zweytes mit mehreren
201 964 915 1027 gänzlich niedergeriſſenen Häuſern u Stallun⸗
203 1024 911 1079 gen; weiterhin ein drittes, das faſt ganz in
206 1078 913 1136 der Aſche liegt, u in welchem nur wenige
204 1133 911 1190 Gebäude noch zu ſehen ſind. Wir zählten von
202 1188 893 1241 der Straße ab 8 Orte in ſolchem Zuſtande;
200 1238 935 1292 man ſagte uns aber, daß deren weiter ſeitwärts
203 1287 915 1347 noch mehrere wären. Ueberhaupt wären jedoch
207 1345 915 1407 nur zwey gänzlich verſeert, u bis auf einige
822 1386 911 1443 Ueber⸗
