1000 1642
76 124 764 179 Brief von Stockholm 1801, 1802 u 1803.
765 138 828 190 53.
72 209 765 268 Anſuchen entſchließen, ihnen dahin zu folgen
73 262 761 322 u ihnen daſelbſt noch eine kurze Verſam̅lung
74 315 753 374 zu halten. Bey unſrer Abreiſe von hier
73 370 773 420 am 10ten Auguſt nahmen wir von dem lieben
74 422 765 482 Prediger, Mag. De Rogier, Adjunct des hieſi⸗
74 476 761 538 gen Probſtes, zum letztenmal liebreichen
73 534 768 591 Abſchied. Er hatte ſchon damals eine merk⸗
74 582 766 644 bare Anlage zur Bruſtwaſſerſucht, u dieſe
76 639 764 700 nahm in der Folge im̅er mehr zu, bis er
76 690 770 758 im Jahre 1804, von allen ſeine Pflegebefoh⸗
78 747 766 808 lenen in̅ig bedauert, ſein kurzes Leben
81 806 385 857 hienieden beſchloß.
125 843 779 908 Den 13ten Auguſt u die folgenden Tage
82 901 774 965 verbrachten wir bey unſern Geſchwiſtern in
82 954 771 1014 Uddewalla. Von hieraus begleiteten uns
84 1008 769 1072 am 17ten Auguſt zwey Brüder nach dem 4
84 1061 781 1122 Meilen entfernten Trolhätta⸗Kanal. Hier
88 1118 781 1181 betrachteten wir mit Erstaunen ſowohl die
84 1168 782 1226 Wunder der Natur, als die glücklichen An⸗
91 1223 793 1285 ſtrengungen menſchlicher Kunst, die Mittel
93 1274 780 1340 gefunden hat, durch acht hinter einander
91 1325 788 1398 liegende, durch Felſen geſprengte Schleuſſen
721 1384 781 1439 die
