1000 1640
46 112 753 174 Berichte Engliſcher Gemeinen, 1804 u 1805.
745 129 824 194 119.
43 197 738 266 ſuchte. Auf Veranlaſſung beſuchte Br. Latrobe
38 256 732 314 in dem Arbeitshauſe zu Bedford einen alten
38 307 732 372 Man̅, welcher ſonst bey einer zur daſigen Ge⸗
39 366 731 425 meine gehörigen Familie in Dienſten geſtanden
43 419 737 471 hatte. Er war dem Tode nahe, ſchien in den Willen
41 470 736 533 des Herrn ergeben zu ſeyn, u erklärte, er glaube
39 524 753 590 daß Gott ihn zu Gnaden annehmen werde. Er ſetz⸗
43 578 740 643 te hinzu: vor einiger Zeit ſey er bey dem Gedanken
45 632 740 696 an den Tod ſehr unruhig geweſen; aber dieſe Furcht
43 686 739 748 ſey vergangen, da er ſich erin̅ert habe, daß Jeſus
46 739 736 805 Chriſtus in die Welt gekom̅en ſei, Sünder ſelig
47 795 738 856 zu machen. Nachdem mit ihm von der Liebe
47 846 742 908 Gottes zu uns armen Menſchen u von dem
43 899 742 962 Troſte geſprochen worden war, welchen jedes Kind
48 953 746 1010 Gottes in dem Glauben an das verdienſtliche Lei⸗
48 1006 745 1065 den u Sterben des Heilandes finde, wurde er ſehr
49 1060 743 1119 heiter, u äußerte ſeine Dankbarkeit für dieſen
53 1112 744 1175 Beſuch. Ein andermal beſuchte Br. Latrobe den
53 1164 746 1225 kranken Herrn Hibbs, welcher in der letzten Zeit
54 1220 748 1281 die Predigten in unſrer Kapelle öfters beſucht hatte.
56 1271 752 1334 Er geſtand mit tiefer Beugung, daß er in geſunden
54 1327 747 1390 Tagen den Ruf der Gnade vernachläßigt, u es,
699 1381 757 1444 ver⸗
