1000 1641
157 129 196 183 6.
202 116 872 183 Brief von Br. Bonatz, Febr. 1806.
188 203 867 257 wurde. Nicht weniger litten auch die 22 Schafe,
187 255 886 306 die ihren Stall in dem Boote mitten im Schiffe
190 303 893 362 hatten, u nun im Waſſer ſchwam̅en. Dieſes ſagte
187 352 869 415 ihnen ſo übel zu, daß wir in der Folge nur
186 408 875 469 viere davon ſchlachten kon̅ten, die andern
186 458 874 529 ſtarben alle bis auf eins, welches wir jetzt
187 519 891 583 noch haben. Vom Vordecke ſtrömte das Waſſer
186 575 894 641 ſo ſtark herunter in das Zim̅er, wo wir ſaßen,
184 627 894 690 als wäre das Schiff ganz unter Waſſer. Dieſe
185 682 890 751 ganze Nacht wurde ſchlaflos zugebracht bis ge⸗
187 739 890 805 gen Morgen um fünf Uhr, da ſich der Sturm
186 793 885 859 etwas legte. Jn dieſen Umſtänden erhielt uns
185 851 865 913 der Heiland die Zuverſicht zu Jhm, daß Er
183 899 885 965 alles wohl machen werde. Das hat Er auch zu
184 951 889 1021 unſrer Beſchämung gethan, u uns Seine Hülfe
183 1007 889 1065 dieſesmal wie in der Folge bey eben ſolchen
183 1063 884 1119 Stürmen erfahren laſſen. Den̅ von nun an
182 1115 882 1176 waren wir denſelben faſt beſtändig ausgeſetzt,
180 1169 879 1225 bis wir nach vielem Kreuzen am 10ten Jan.
180 1215 860 1273 1806 die Färöer zu Geſichte bekamen, u
177 1269 882 1329 mit einem günſtigen Oſtwinde, der bis zum
180 1319 881 1382 13ten anhielt, unſern Weg in der Spaniſchen
810 1375 878 1413 See
