1000 1641
61 94 642 180 in ihr Chorhaus in Hhut 1806.
703 109 785 154 321.
50 174 732 244 es jeder Seele im Chore, mit fortwäh⸗
46 229 727 299 render Angelegenheit nach dem Klei⸗
48 284 717 353 nod zu ſtreben, das er uns mit Blut
52 330 731 409 erwarb, daß Geiſt, Leib u. Seele durch
52 392 724 461 den Glauben an ſeine Menſchwerdung
52 449 752 521 u. Tod geheiliget, u. ihm zum lebendigen
54 507 738 575 Opfer geweihet werde, damit wir uns
55 554 736 626 alle ohne Ausnahme des tröſtlichen Aus⸗
58 619 730 687 ſpruchs im heutigen Texte mögen er⸗
59 667 715 736 freuen kön̅en, daß wir Bürger mit
60 719 722 794 den Heiligen u. Gottes Hausgenoſſen
63 775 739 840 ſind, bis wir vereint vor ſeinem Thro⸗
57 825 749 894 ne in die ewigen Lobgeſänge der voll⸗
62 877 740 940 endeten Gemeine mit einſtim̅en kön̅en.
106 930 692 1002 Noch iſt folgendes anzuführen:
69 986 744 1061 Das Haus iſt am 16ten Okt. 1756. bezo⸗
68 1059 399 1112 gen worden von
417 1082 732 1161 269 led. Schwn u.
476 1152 653 1218 Mädchen.
74 1208 429 1273 von denen folgende
104 1260 411 1329 9. noch im Chore be⸗
108 1317 320 1380 findlich ſind:
