1000 1640
108 109 583 171 und Hope in Jerſey 1805.
710 120 781 190 173.
44 181 729 250 der led. Schweſtern, u. war als ſolcher ein
41 237 726 308 Mitglied des im Jahr 1785. ſtatt erwähn⸗
41 286 725 361 ten Comittee eingerichteten Aufſehercol⸗
45 345 727 418 legiums. Die Krankheit, welche die Gele⸗
47 404 728 471 genheit zu ſeiner ſeligen Vollendung wur⸗
45 458 704 522 de, beſtand in einer Wangenklem̅e, die
47 503 723 584 ihm am 1t April überfiel, u. mit Engigkeit
48 565 723 634 auf der Bruſt verbunden war. Er konte
49 617 731 690 nicht anders als durch Zeichen ſich verſtänd⸗
48 674 712 746 lich machen, u. nur mit äußerſter Mühe
48 728 732 797 etwas weniges flüſſiges zu ſich nehmen.
47 784 731 858 Schon am folgenden Tage machte ein Schlag⸗
52 838 551 912 fluß ſeinem Leiden ein Ende.
87 885 731 958 Am 11t Oct. verſchied in Hope in New⸗
46 936 729 1014 Jerſey der verh. Br. Friedr. Schmidt, in ſei⸗
49 997 751 1067 nem 82t Jahre. Er war in Lübeck geboren,
52 1049 726 1127 u. hatte die dortige Lateiniſche Schule be⸗
53 1105 757 1178 ſucht. Jm Jahr 1739. kam er zur Gemeine,
53 1158 732 1231 u. mußte ſich anfangs, da er keine Profeſ⸗
54 1215 740 1284 ſion gelernt hatte, ſein Brod mit allerley
55 1271 738 1338 Handarbeit verdienen. Nach Verlauf ei⸗
54 1318 732 1402 niger Jahre wurde er zum Dienſt bey der
670 1381 729 1431 Ju⸗
