1000 1640
188 97 546 164 Gemeinen. 1805.
696 109 772 156 183.
82 173 714 248 Eine alte 70jährige Frau, Namens
38 234 731 302 Franklin, welche ſich einige Zeit hier auf⸗
38 286 710 357 hielt, um ſich der Hülfe unſers Arztes
41 344 742 418 gegen einen Krebsſchaden zu bedienen,
41 398 705 465 den ſie ſeit einigen Jahren am rechten
38 451 722 514 Backen bekom̅en hatte, lernten wir als
40 500 715 573 eine wahre Liebhaberin Jeſu ken̅en. Sie
41 558 693 632 konte ſich nicht dankbar genug darüber
45 607 723 683 ausdrücken, daß ihr die Gnade, Jeſum als
45 668 741 739 den einigen Grund ihres Heils zu ken̅en,
48 726 715 796 nun ſchon ſeit mehrern Jahren zu Theil
49 780 715 844 worden ſey. Oefters bezeugte ſie mit
49 831 724 902 thränenden Augen, daß er ihr Ein u. Al⸗
50 888 723 955 les ſey, u. daß ſie an ihm ihren einigen
50 940 752 1012 Troſt u. Unterſtüzung habe, auch ſich herz⸗
53 994 721 1060 lich darauf freue, nach überſtandenen
51 1040 751 1120 Trübſalen in dieſer Zeit zu ihm zu kom⸗
51 1098 715 1168 men, u. ewig bey ihm zu ſeyn. Als ſie
55 1154 720 1221 einmal unter den Händen des Arztes
58 1209 730 1279 an ihrem Schaden heftige Schmerzen aus⸗
56 1260 722 1335 ſtand, die ihr tiefe Seufzer auspreßten,
61 1312 730 1390 ſo ſagte ſie: O meine Schmerzen ſind doch
644 1354 731 1415 nichts
