1000 1640
19 112 723 195 Schr. des Br. Risler d.d. Ebersdorf. Oct. 1806.
730 135 797 192 231.
111 183 614 256 No 12. des Erſten Theils
110 242 708 317 der Gemein⸗Nachrichten 1806.
68 293 729 366 Auszüge aus Briefen an die Uni⸗
72 361 590 424 täts⸗Aelteſten⸗Conferenz.
44 409 715 483 a.) Von dem Br. Joh: Jeremias Ris⸗
103 469 731 542 ler in Ebersdorf, d.d. 29ſten October
590 528 689 582 1806.
74 573 727 647 Am 19ten dieſes ſchrieb ich über Prag,
45 633 723 706 da von hier keine Briefe über Leipzig
47 693 720 758 gefördert werden kon̅ten, u. gab eini⸗
51 744 734 821 ge kurze Nachricht von unſerm Ergehen.
80 801 697 869 (Anmerkung: Dieſer Brief, mit
99 852 719 924 welchem auch einer von Br. An⸗
98 909 711 975 dresen abging, war wie derſelbe,
107 959 726 1034 nach Verlauf von 4. Wochen noch
103 1021 492 1090 nicht eingegangen.)
101 1066 711 1137 Wir haben von der Noth der Erde
60 1130 731 1194 ſchwere Erfahrungen gemacht, aber
58 1185 713 1250 auch von des treuen Heilandes Be⸗
59 1236 714 1312 wahrung u. Durchhülfe anbetungs⸗
60 1288 741 1373 würdige Proben. Unſre Häuſer ſtehen
