1000 1643
189 117 269 190 214.
314 107 833 174 Diaspora im Vogtland,
236 190 895 248 der zu erneuern. Mit 18 Perſonen
233 240 903 298 hielt ich am Sontag den 14t July eine
231 297 900 355 Verſam̅lung, bey welcher Gelegenheit
232 352 908 410 ich mich mit ihnen zugleich auch über ihren
229 399 906 470 Wunsch, öfter zusam̅en zu kom̅en u. ſich
233 460 922 525 gemeinſchaftlich zu erbauen, unterhielt.
230 511 902 581 Dieſem ihrem Wunſche gemäß wurde
231 566 893 635 ſodann eine Einrichtung getroffen, daß
230 639 914 691 ſie in dem Hauſe eines Bürgers zuſam⸗
227 679 906 738 men kom̅en kön̅en, wo ihnen von einem
224 726 917 796 Bruder fürerſt alle Sontage eine Ver⸗
228 783 923 854 sam̅lung gehalten wird. – Jch machte hier
225 842 890 906 in Regensburg auch Bekantschaft mit
225 897 904 968 verſchiedenen Standesperſonen u. auch
226 948 915 1021 einigen Kloſter⸗Geiſtlichen. Unter lez⸗
223 1002 918 1071 teren befindet ſich ein Pater, der ein Man̅
226 1055 904 1123 voll Demuth u. Liebe zum Hld iſt. Er hat
224 1119 935 1178 vor einigen Jahren die Brüdergemeinen
222 1165 914 1233 in Hernhut u. Barby beſucht, u. dabey zu⸗
221 1223 919 1290 gleich die Mitglieder der Unitäts⸗Aelltesten⸗
219 1278 915 1349 Conferenz ken̅en gelernt, woran er ſich noch
220 1337 905 1403 mit vielem Vergnügen erin̅erte. Er be⸗
811 1381 906 1442 ſorgt
