1000 1640
81 105 643 184 Erzgebürge, Franken p. 1805.
696 113 793 169 209.
46 174 720 249 ſind. Abends kamen etliche u. 30 Erwek⸗
41 239 710 312 te zu mir in mein Quartier, wo ich mich
38 295 453 354 mit ihnen unterredete.
70 337 705 411 Jn Uffenheim wurde ein Man̅, der
43 401 697 473 ſehr beküm̅ert war, durch meinen Zu⸗
45 448 721 524 ſpruch erheitert. Er war der Meinung, daß
42 512 721 575 er mit ſeiner Bekehrung zu lange ge⸗
42 555 731 628 wartet, u. durch ſein ofteres Widerſtre⸗
43 616 722 687 ben gegen die in ſeinem Herzen gefühl⸗
42 670 718 739 ten Anforderungen des Geiſtes Gottes
49 727 711 792 nun ſeine Gnadenzeit verſäumt habe.
51 776 703 850 Jch ſuchte ihn aufzurichten, indem ich ihm
51 825 711 902 zu Gemüthe führte, daß wen̅ die Gnade
46 886 727 953 Gottes nicht noch jezt in ihm wirkſam wäre,
54 932 729 1005 er auch nicht um das Heil ſeiner Seele be⸗
52 992 742 1061 küm̅ert u. verlegen ſeyn würde. Er möchte
53 1055 741 1115 nur nicht darauf arbeiten, aus eigener
51 1093 732 1168 Kraft beſſer zu werden, ſondern ſich ſo
54 1152 740 1222 wie er ſey, dem Hld hingeben, u. bey ihm
61 1209 740 1275 um ſeines vollgütigen Verdienſtes wil⸗
61 1258 728 1337 len Gnade u. Barmherzigkeit ſuchen, die
64 1317 709 1394 er ihm dan̅ gewiß nicht verſagen werde.
681 1353 732 1413 Jn
