1000 1643
174 120 232 181 76.
282 123 907 182 Beſuch in Mähren, April 1806.
207 211 911 270 noch ſtark um ſich, u bey zwey unſrer Bekan̅ten,
208 262 909 324 wo wir einkehren wollten, hatten ſich verſchie⸗
206 315 911 379 dene Einwohner des Hauſes ſeit kurzem ein⸗
205 367 907 430 legen müſſen. Wir begaben uns daher zu
203 428 906 483 unſrer Schweſter Nitſchman̅, deren Man̅ vor
205 476 909 537 wenigen Tagen an eben derſelben Krankheit
204 534 913 596 ſelig zum Heiland gegangen war; worüber ſie
204 587 911 648 noch tiefen Schmerz u Kum̅er fühlte, beſonders
202 639 910 705 da ſie ſich mit ihrem 11jährigen Sohn zu Fort⸗
205 697 905 758 führung ihrer weitläuftigen Feldwirthſchaft
201 753 905 813 viel zu ſchwach dünkte. Es wurde herzmäßig
199 803 908 865 mit ihr geſprochen, u ſie mit ihrer Verlegen⸗
201 858 909 918 heit zu dem Tröſter aller Witwen u Verlaſ⸗
200 911 902 972 ſenen hingewieſen. Weil ſie mit Einquar⸗
202 964 907 1021 tierung kaiſerlicher Soldaten eben ſtark be⸗
198 1015 898 1079 legt war, ſo kon̅te unſer Aufenthalt bey ihr
196 1072 901 1131 nur kurz ſeyn. Ungeachtet der Gerüchte, daß
196 1130 894 1172 weiter vor uns die Krankheit aufs neue
199 1174 900 1236 ausgebrochen ſey, ſetzten wir im Aufſehen
199 1233 904 1292 auf unſern lieben Herrn unſre Reiſe weiter
199 1287 292 1347 fort.
266 1330 908 1393 Ein angenehmer Weg längſt verſchiedenen
810 1386 902 1447 Dorf⸗
