1000 1643
154 132 219 189 108.
229 120 927 185 Berichte Engliſcher Gemeinen, 1804 u 1805.
224 204 907 263 Arbeiten länger fortzuſetzen; aber er blieb bis
225 257 907 309 ans Ende heiter u voll Vertrauen auf den
224 313 904 369 Heiland, der, wie er feſt überzeugt war, auch
217 367 908 421 mit ihm alles wohl mache. So endigte er ſeinen
222 415 914 485 Lauf auf eine ſehr erbauliche Weiſe, u wurde durch
218 470 906 533 die Gnade unſers Herrn tüchtig gemacht, mit dem
222 523 907 589 Apoſtel Paulus auszurufen: Jch habe einen guten
217 581 860 644 Kampf gekämpft, ich habe Glauben gehalten!
271 639 905 695 Ein vieljähriger Freund der Gemeine, welcher
214 688 906 751 den Wunſch hegte, durch die Aufnahme in die Ge⸗
215 747 898 800 meine noch näher mit denſelben vereinigt zu
216 800 919 859 werden, legte ſeine Beweggründe zu dieſem ſeinem
217 849 873 913 Begehren ſchriftlich auf folgende Weiſe dar:
271 902 902 970 Für's erſte finde ich es nöthig, Euch zu ver⸗
213 960 905 1024 ſichern, daß ich, nachdem ich die öffentlichen Vorträge
211 1015 905 1069 der Brüder an verſchiedenen Orten gehört, u die
211 1071 905 1130 Schriften derſelben geleſen habe, ſchon ſeit mehrern
209 1123 904 1179 Jahren zu der Ueberzeugung gelangt bin, daß die
205 1176 900 1232 Lehre der Brüder mit der heiligen Schrift über⸗
210 1229 896 1286 einſtim̅t. Jhr werdet natürlich fragen, welche Wir⸗
206 1281 894 1341 kung die Erken̅tniß der Wahrheit auf mein Herz
209 1337 889 1401 gehabt hat; u ich antworte in tiefer Beugung
838 1382 889 1436 zu
