1000 1641
203 96 535 164 vom Jahr 1805.
724 106 810 176 339.
45 171 743 255 Gnade zu bemerken, u. man wird leicht
45 229 745 305 an einen unbearbeiteten Edelſtein erin⸗
45 281 746 359 nert. D. 9t Febr. kehrte Br. Montgom̅ery
51 340 754 412 von einer 8 tägigen Beſuchreiſe wieder
52 390 741 473 zurück. Er gibt davon folgende Nachricht:
94 452 751 527 Jm Aufſchauen auf Jeſum, der mich un⸗
53 500 750 581 würdigen berufen hat, das Wort des Le⸗
53 557 760 636 bens meinen Mitſündern zu verkündigen;
58 608 760 689 verließ ich Gracehill am 2t Febr. Der Mor⸗
61 671 750 750 gen war für die gegenwärtige Jahres⸗
62 718 752 799 zeit ſehr angenehm, u. die Geſellſchaft ei⸗
58 772 757 848 nes Bruders, der mich bis Croſshill begleite⸗
62 829 753 907 te, diente mir auf dem langweiligen Weg
62 882 762 958 über ſchlechte Straſſen u. durch Winterpro⸗
68 940 754 1018 ſpecte zu vieler Ermunterung. Gegen 5.
64 992 756 1068 Uhr kam ich nach Ballinderry. Br. Schirmer
68 1049 756 1120 war ſchon nach Kilwarlin abgegangen,
70 1098 780 1169 um am morgenden Sontage das heil. Amhl
74 1152 766 1225 daſelbſt zu halten. ☉ d. 3. Febr. redete ich
73 1204 765 1279 in der Predigt zu ungefähr 80 aufmerk⸗
76 1257 772 1334 ſamen Zuhörern über die Worte des ſter⸗
77 1305 770 1393 benden Schächers. Nach der Predigt war So⸗
718 1360 778 1398 cie⸗
