1000 1641
162 117 218 165 18.
214 230 854 278 No 3. des erſten Theiles der Gemein⸗
221 278 529 325 Nachrichten 1806.
221 409 875 464 Aus dem Diario der Brüder⸗Societät
222 467 892 525 in Stockholm, von den Jahren 1801, 1802
221 519 400 579 u 1803.
213 567 897 629 /: Die Diaria von dieſen drey Jahren ſind
208 623 891 689 erſt im Februar u Merz 1806 eingeſchickt
206 682 366 735 worden :/
250 729 896 799 Am 26ſten Merz 1801 ging in Norköping
200 789 889 848 unſer Bruder, der Admiral Friedr. Wilh.
199 846 896 905 Lejonanker ſelig aus der Zeit. Er war am
199 900 896 958 21ſten Aug. 1737 in Stettin geboren, wo ſich
202 949 895 1012 ſeine Mutter aufhielt, während ſein Vater
198 1006 902 1073 im Auftrag der Krone Geſchäfte in Berlin
202 1059 902 1128 hatte. Von dieſem ſeinen Vater ſchreibt der
202 1115 896 1177 ſelige Bruder einmal: Er war ein Diener
200 1169 894 1230 des Herrn, er ehrte denſelben als ſeinen
199 1219 903 1280 König; aber erſt nach dem 60ſten Lebensjahre
199 1271 894 1330 lernte er Jhn als das Lam̅ Gottes anbeten,
196 1326 791 1394 das für unſre Sünde geſchlachtet iſt.
831 1373 893 1411 Von
