<?xml version="1.0" encoding="utf-8"?>
<pc:PcGts xmlns:pc="http://schema.primaresearch.org/PAGE/gts/pagecontent/2019-07-15" xmlns:xsi="http://www.w3.org/2001/XMLSchema-instance" xsi:schemaLocation="http://schema.primaresearch.org/PAGE/gts/pagecontent/2019-07-15 http://schema.primaresearch.org/PAGE/gts/pagecontent/2019-07-15/pagecontent.xsd" pcGtsId="GT-OCR-GN_1806_1__GN.A.351__30_af03b">
  <pc:Metadata externalRef="https://images.iiif.slub-dresden.de/iiif/2/data%2Fkitodo%2FNachaudeB_1745047107_1806_1%2FNachaudeB_1745047107_1806_1_tif%2Fjpegs%2F00000031.tif.medium.jpg/full/full/0/default.jpg">
    <pc:Creator>escriptorium</pc:Creator>
    <pc:Created>2024-01-26T14:55:53.337517Z</pc:Created>
    <pc:LastChange>2024-01-26T14:55:53.337528Z</pc:LastChange>
    <pc:MetadataItem type="processingStep" name="recognition/post-correction" value="ocrd-cor-asv-ann-join">
      <pc:Labels externalModel="ocrd-tool" externalId="parameters">
        <pc:Label value="False" type="add-filegrp-comments"/>
      </pc:Labels>
      <pc:Labels externalModel="ocrd-tool" externalId="version">
        <pc:Label value="0.1.14" type="ocrd-cor-asv-ann-join"/>
        <pc:Label value="2.60.2.dev0+gac1f15b3.d20240125" type="ocrd/core"/>
      </pc:Labels>
    </pc:MetadataItem>
  </pc:Metadata>
  <pc:Page imageFilename="30_af03b_default.jpg" imageWidth="1000" imageHeight="1642">
    <pc:TextRegion id="eSc_textblock_0dd03a9a" custom="structure {type:text;}">
      <pc:Coords points="809,109 831,124 827,163 783,193 776,459 794,656 783,922 802,1389 776,1403 708,1403 681,1374 553,1363 175,1371 80,1385 58,301 72,120 87,109 593,102"/>
      <pc:TextLine id="eSc_line_1938149d" custom="structure {type:default;}">
        <pc:Coords points="752,106 738,106 724,106 710,105 697,105 683,105 675,103 653,108 647,103 642,103 628,102 615,102 612,102 587,106 582,102 573,102 563,102 546,106 478,102 478,103 464,103 450,103 443,103 438,109 434,106 434,105 432,105 431,105 430,105 428,105 395,113 309,105 308,105 306,105 284,112 272,106 272,106 260,106 231,116 205,106 204,106 202,106 201,106 200,106 200,108 189,117 124,117 101,108 100,108 98,108 97,108 95,108 80,116 82,146 82,157 160,164 161,164 241,162 242,162 256,155 260,154 275,155 319,161 320,161 372,154 401,151 763,151 763,140 761,106 756,106 752,106"/>
        <pc:Baseline points="83,147 535,137 733,138 764,141"/>
        <pc:TextEquiv index="0">
          <pc:Unicode>Von Stockholm 1801, 1802 u 1803.</pc:Unicode>
        </pc:TextEquiv>
      </pc:TextLine>
      <pc:TextLine id="eSc_line_b0ccccf6">
        <pc:Coords points="820,117 810,110 801,108 793,108 779,108 767,108 764,108 764,140 763,155 819,164 821,145 821,117 820,117"/>
        <pc:Baseline points="765,141 822,146"/>
        <pc:TextEquiv index="0">
          <pc:Unicode>27.</pc:Unicode>
        </pc:TextEquiv>
      </pc:TextLine>
      <pc:TextLine id="eSc_line_90e0aac5" custom="structure {type:default;}">
        <pc:Coords points="63,219 64,231 64,242 93,249 93,249 94,249 107,241 108,241 115,241 157,244 158,244 197,239 201,239 202,239 224,249 225,249 226,249 227,249 249,242 301,248 302,248 302,248 322,237 323,237 327,237 404,245 405,245 436,244 437,244 437,244 452,234 454,232 475,231 503,231 508,233 528,241 529,241 530,241 611,239 612,239 613,239 627,230 629,228 697,226 708,228 736,236 737,236 738,236 739,236 765,227 765,214 762,184 631,191 622,188 607,183 606,183 605,183 604,183 591,189 584,192 563,190 510,185 509,185 508,185 491,193 487,195 472,193 451,191 450,191 449,191 443,194 437,197 415,197 411,196 400,188 399,188 398,188 397,188 359,194 340,189 339,189 338,189 289,199 288,199 287,199 247,197 246,197 245,197 234,201 210,193 209,193 208,193 208,193 189,203 186,203 98,196 97,196 96,196 64,206 63,219"/>
        <pc:Baseline points="64,231 505,218 765,214"/>
        <pc:TextEquiv index="0">
          <pc:Unicode>Bruders war ſeine große Aufrichtigkeit und ſei⸗</pc:Unicode>
        </pc:TextEquiv>
      </pc:TextLine>
      <pc:TextLine id="eSc_line_8c7bc162" custom="structure {type:default;}">
        <pc:Coords points="66,287 66,300 78,305 79,305 80,305 81,305 101,300 116,304 117,304 118,304 150,299 176,302 177,302 216,296 245,291 256,295 265,299 266,299 267,299 268,299 280,294 288,291 293,294 301,298 302,298 302,298 342,297 343,297 343,297 348,293 354,288 388,292 394,292 395,292 395,292 398,291 418,286 440,290 453,293 454,293 455,293 466,290 489,283 562,287 563,287 564,287 581,280 630,282 631,282 632,282 648,278 686,285 689,285 690,285 696,284 732,279 769,282 770,265 768,242 639,237 638,237 593,248 592,248 591,248 559,239 558,239 557,239 556,239 534,248 515,240 514,240 513,240 512,240 511,240 496,251 445,252 423,246 422,246 421,246 420,246 404,254 373,255 369,255 349,246 348,246 347,246 346,246 345,246 329,257 315,257 314,257 291,248 291,248 290,248 259,249 258,249 225,259 189,253 188,253 187,253 174,259 166,252 166,252 165,252 164,252 92,254 91,254 64,265 66,287"/>
        <pc:Baseline points="66,287 516,270 770,265"/>
        <pc:TextEquiv index="0">
          <pc:Unicode>ne in̅ige Liebe zu allen, die er als Liebhaber</pc:Unicode>
        </pc:TextEquiv>
      </pc:TextLine>
      <pc:TextLine id="eSc_line_6aef0c84" custom="structure {type:default;}">
        <pc:Coords points="66,340 66,353 147,362 148,362 149,362 177,349 177,349 199,349 337,349 337,348 338,348 339,348 339,347 343,343 343,343 344,343 366,347 367,347 368,347 384,342 413,350 414,350 415,350 442,349 443,349 444,349 457,340 489,350 489,350 490,350 529,349 530,349 531,349 531,348 539,341 560,348 561,348 562,348 618,346 619,346 642,338 652,344 653,344 654,344 655,344 701,343 702,343 734,331 734,330 767,329 768,318 765,295 710,296 697,291 697,291 696,291 695,291 674,297 670,298 667,298 651,293 650,293 649,293 648,293 647,293 641,298 640,299 638,298 617,291 616,291 615,291 591,292 590,292 589,292 589,293 581,300 580,301 578,300 558,295 557,295 556,295 527,301 521,302 518,301 497,296 496,296 495,296 494,296 479,302 476,304 460,303 397,299 396,299 395,299 376,305 312,301 312,301 277,309 275,309 273,309 260,304 259,304 258,304 257,304 256,304 248,310 244,311 234,310 209,305 208,305 208,305 193,311 191,311 182,311 124,308 123,308 122,308 109,313 104,315 65,315 66,340"/>
        <pc:Baseline points="66,340 508,323 768,318"/>
        <pc:TextEquiv index="0">
          <pc:Unicode>des Heilandes erkan̅te. Gegen ſolche zeigte er</pc:Unicode>
        </pc:TextEquiv>
      </pc:TextLine>
      <pc:TextLine id="eSc_line_c8cb75a5" custom="structure {type:default;}">
        <pc:Coords points="68,391 68,403 96,413 97,413 98,413 99,413 134,403 164,403 176,413 177,413 177,413 178,413 229,412 229,412 230,412 247,399 281,410 282,410 283,410 284,410 285,410 304,397 330,403 331,403 385,394 389,393 428,393 429,393 464,405 465,405 466,405 467,405 468,405 489,391 507,404 508,404 509,404 510,404 582,402 635,389 656,392 657,392 658,392 682,385 684,385 685,385 706,390 707,390 708,390 718,385 733,392 734,392 735,392 736,392 767,383 767,373 766,350 753,344 752,344 751,344 750,344 739,351 625,353 581,342 580,342 525,355 494,345 493,345 492,345 451,346 396,348 395,348 377,358 367,355 366,355 365,355 364,355 343,361 305,353 304,353 303,353 285,361 260,352 260,352 259,352 229,353 229,353 228,353 228,354 218,362 199,356 198,356 197,356 197,356 196,356 196,357 187,363 171,359 170,359 169,359 168,359 153,366 152,367 117,367 116,367 106,359 105,359 104,359 104,359 103,359 67,368 68,391"/>
        <pc:Baseline points="68,391 583,375 767,373"/>
        <pc:TextEquiv index="0">
          <pc:Unicode>eine ungeheuchelte Demuth. Er ſchrieb einmal</pc:Unicode>
        </pc:TextEquiv>
      </pc:TextLine>
      <pc:TextLine id="eSc_line_e2e6c18b" custom="structure {type:default;}">
        <pc:Coords points="67,446 68,467 113,467 114,467 114,467 114,466 119,462 131,466 135,467 136,467 137,467 138,467 139,467 142,465 159,455 169,459 170,459 171,459 172,459 173,459 181,453 214,453 234,459 235,459 236,459 237,459 238,459 238,458 246,451 278,451 291,451 302,458 306,462 307,462 308,462 309,462 343,461 344,461 366,456 393,448 408,454 422,458 423,458 424,458 461,457 462,457 463,457 472,451 475,449 482,450 510,457 510,457 511,457 512,457 522,449 529,445 590,445 593,446 608,454 609,454 610,454 643,446 661,453 662,453 663,453 664,453 685,442 687,441 695,442 721,445 722,445 723,445 732,440 734,439 737,440 750,444 751,444 752,444 753,444 769,438 769,427 766,399 693,406 681,402 673,398 672,398 671,398 635,399 635,399 624,404 612,408 570,405 555,405 554,405 553,405 550,406 539,410 527,406 512,403 511,403 510,403 458,409 447,410 443,410 415,405 414,405 413,405 389,411 378,415 372,412 358,406 357,406 356,406 316,407 315,407 314,407 307,414 297,409 296,409 295,409 294,409 278,415 273,417 203,419 190,418 134,412 133,412 66,422 67,446"/>
        <pc:Baseline points="67,446 769,427"/>
        <pc:TextEquiv index="0">
          <pc:Unicode>auf einen an ihn ausgerichteten Gruß eines</pc:Unicode>
        </pc:TextEquiv>
      </pc:TextLine>
      <pc:TextLine id="eSc_line_e6205673" custom="structure {type:default;}">
        <pc:Coords points="69,502 69,518 127,516 132,518 140,520 141,520 142,520 143,520 156,517 177,510 187,516 193,519 194,519 195,519 302,516 303,516 304,516 308,512 310,511 318,512 338,515 339,515 340,515 341,515 346,511 361,503 386,508 387,508 388,508 389,508 397,502 442,507 443,507 444,507 457,500 507,498 593,498 617,504 618,504 619,504 620,504 638,497 666,498 674,503 680,506 681,506 682,506 683,506 684,506 689,502 693,500 741,500 742,486 739,456 722,463 686,457 673,456 672,456 671,456 670,456 666,458 657,464 608,466 594,460 583,456 582,456 581,456 580,456 569,461 558,467 540,468 495,468 486,464 471,458 470,458 469,458 468,458 454,465 440,459 439,459 438,459 397,460 396,460 382,467 381,468 380,468 369,463 368,463 367,463 366,463 348,469 339,472 334,469 327,465 326,465 325,465 286,463 285,463 284,463 253,472 244,476 212,476 206,474 178,466 177,466 177,466 176,466 155,475 147,470 146,470 145,470 145,470 144,470 126,477 124,478 122,477 105,472 104,472 104,472 103,472 102,472 93,478 92,479 68,479 69,502"/>
        <pc:Baseline points="69,502 423,489 742,486"/>
        <pc:TextEquiv index="0">
          <pc:Unicode>von ihm geſchätzten Bruders: „Wen̅ dieſer</pc:Unicode>
        </pc:TextEquiv>
      </pc:TextLine>
      <pc:TextLine id="eSc_line_c3b915a9" custom="structure {type:default;}">
        <pc:Coords points="67,556 68,571 82,565 114,570 114,570 145,564 161,568 162,568 163,568 164,568 175,562 223,567 227,567 228,567 229,567 229,567 242,561 257,561 267,566 273,570 274,570 275,570 276,571 311,571 311,570 312,570 312,570 319,564 325,558 346,558 362,563 376,568 377,568 378,568 406,567 407,567 418,561 427,556 440,561 441,561 442,561 443,561 444,561 445,561 466,555 522,555 526,558 532,563 533,563 534,563 535,563 573,557 589,554 607,556 661,561 662,561 663,561 664,561 675,553 676,553 677,553 694,560 695,560 696,560 727,558 728,558 739,551 746,549 766,550 767,539 765,514 714,514 698,508 697,508 697,508 696,508 695,508 684,515 682,516 672,516 629,513 628,513 605,517 600,518 599,517 589,510 588,510 587,510 552,510 552,510 515,519 507,520 460,520 460,519 447,513 447,513 446,513 418,514 417,514 416,514 410,519 399,515 398,515 397,515 360,520 343,516 342,516 341,516 340,516 339,516 328,522 327,523 325,523 310,519 309,519 308,519 307,519 306,519 299,523 297,524 290,523 246,519 245,519 244,519 243,519 236,525 231,528 220,525 204,520 203,520 202,520 172,526 156,529 66,529 67,556"/>
        <pc:Baseline points="67,556 492,543 767,539"/>
        <pc:TextEquiv index="0">
          <pc:Unicode>liebe Man̅ mich als ſeinen Bruder grüßen</pc:Unicode>
        </pc:TextEquiv>
      </pc:TextLine>
      <pc:TextLine id="eSc_line_267402af" custom="structure {type:default;}">
        <pc:Coords points="68,610 68,621 77,621 78,621 95,633 96,633 97,633 98,633 99,633 121,622 166,632 167,632 168,632 169,632 186,619 199,618 208,617 208,617 224,630 225,630 226,630 227,631 241,631 241,630 268,629 269,629 270,629 290,615 291,615 317,621 318,621 319,621 335,614 354,621 354,621 355,621 356,621 357,621 365,613 366,613 387,619 388,619 389,619 390,619 414,613 417,612 450,612 461,612 479,620 480,620 520,623 521,623 553,616 560,621 561,621 562,621 562,621 633,619 634,619 661,605 662,605 670,605 729,609 729,609 766,602 766,592 763,566 641,571 629,569 614,566 613,566 612,566 600,570 595,571 593,570 581,564 580,564 579,564 544,571 538,572 536,571 528,566 527,566 526,566 500,566 500,566 499,566 498,566 490,572 489,574 483,573 464,568 463,568 462,568 410,575 380,579 360,576 327,571 326,571 325,571 316,576 244,572 243,572 242,572 217,580 205,583 196,581 179,575 178,575 177,575 149,581 101,576 100,576 67,583 68,610"/>
        <pc:Baseline points="68,610 766,592"/>
        <pc:TextEquiv index="0">
          <pc:Unicode>läßt, ſo muß es wol in Hoffnung gemeint</pc:Unicode>
        </pc:TextEquiv>
      </pc:TextLine>
      <pc:TextLine id="eSc_line_c2fc6082" custom="structure {type:default;}">
        <pc:Coords points="71,667 71,685 246,675 260,679 261,679 262,679 263,679 296,670 331,675 332,675 421,667 468,675 469,675 470,675 490,666 503,672 504,672 505,672 506,672 532,665 589,673 590,673 591,673 608,664 617,667 618,667 619,667 673,661 692,661 708,669 709,669 710,669 775,668 776,650 775,625 757,620 756,620 755,620 754,620 753,620 745,625 693,625 679,619 678,619 677,619 619,627 609,621 608,621 607,621 606,621 574,623 573,623 559,630 510,623 510,623 430,625 429,625 428,625 420,631 374,626 373,626 334,635 204,638 191,631 190,631 189,631 188,631 187,631 170,640 70,642 71,667"/>
        <pc:Baseline points="71,667 409,656 776,650"/>
        <pc:TextEquiv index="0">
          <pc:Unicode>ſeyn, u weil er eine Gnadenarbeit des Hei⸗</pc:Unicode>
        </pc:TextEquiv>
      </pc:TextLine>
      <pc:TextLine id="eSc_line_2a20231d" custom="structure {type:default;}">
        <pc:Coords points="781,678 718,670 718,670 660,680 652,681 650,680 640,673 639,673 638,673 620,673 619,673 581,679 559,675 558,675 557,675 556,675 545,682 541,685 522,685 507,683 475,677 474,677 449,682 437,678 436,678 435,678 434,678 433,678 427,684 422,688 376,688 366,685 356,681 355,681 354,681 354,681 353,681 347,685 341,689 314,685 310,685 309,685 308,685 306,685 288,690 272,686 263,685 262,685 261,685 260,685 259,686 250,693 236,693 208,687 198,686 197,686 197,686 192,687 174,695 125,696 115,691 114,691 114,691 85,696 67,690 68,720 69,738 106,729 183,733 184,733 185,733 213,726 242,732 246,732 247,732 251,731 282,723 334,722 348,727 357,731 358,731 359,731 392,730 393,730 413,725 434,718 467,718 474,722 477,724 478,724 479,724 479,724 480,724 481,724 484,722 490,717 512,720 530,723 531,723 531,723 532,723 538,719 540,718 541,719 551,726 552,726 552,726 553,726 554,726 580,717 585,717 607,717 749,720 750,720 750,720 783,709 783,700 781,678"/>
        <pc:Baseline points="68,720 783,700"/>
        <pc:TextEquiv index="0">
          <pc:Unicode>landes an mir wahrgenom̅en hat.“ — Jm Jahre</pc:Unicode>
        </pc:TextEquiv>
      </pc:TextLine>
      <pc:TextLine id="eSc_line_1ab03a46" custom="structure {type:default;}">
        <pc:Coords points="70,772 72,795 84,784 148,793 153,793 154,793 164,792 212,788 213,788 214,788 227,779 313,780 314,780 315,780 316,780 323,776 344,780 345,780 346,780 356,776 410,776 437,787 437,787 438,787 440,787 488,780 489,780 489,780 501,772 560,772 597,783 598,783 599,783 600,783 650,769 673,781 674,781 675,781 781,779 781,755 779,733 703,723 702,723 637,726 636,726 621,733 616,736 597,734 583,732 582,732 572,734 554,737 548,734 534,727 533,727 532,727 531,727 507,734 500,736 497,734 487,728 486,728 448,728 447,728 447,728 426,735 405,740 368,736 367,736 366,736 365,736 361,739 354,735 350,731 349,731 348,731 333,731 332,731 331,731 322,735 307,743 278,743 268,737 267,737 266,737 265,737 236,745 213,745 196,736 195,736 194,736 193,736 167,745 110,745 68,737 70,772"/>
        <pc:Baseline points="70,772 286,764 781,755"/>
        <pc:TextEquiv index="0">
          <pc:Unicode>1770 hatte er einen Beſuch in den Lauſitziſchen</pc:Unicode>
        </pc:TextEquiv>
      </pc:TextLine>
      <pc:TextLine id="eSc_line_4875850a" custom="structure {type:default;}">
        <pc:Coords points="73,825 73,838 142,851 143,851 144,851 145,851 151,845 163,850 164,850 165,850 239,848 240,848 241,848 254,840 291,847 291,847 292,847 312,837 319,834 333,837 338,838 339,838 340,838 341,838 341,837 349,831 433,831 444,837 454,843 455,843 456,843 457,843 458,843 479,837 504,829 521,837 532,841 533,841 534,841 564,841 565,841 573,836 591,827 618,836 624,838 625,838 625,838 626,838 632,836 662,825 697,825 718,836 720,837 721,837 722,837 779,835 779,809 776,784 700,787 687,785 660,779 659,779 632,786 613,789 593,786 577,783 576,783 575,783 567,786 555,791 493,792 479,788 478,788 477,788 476,788 475,788 469,792 437,789 437,789 436,789 423,794 385,789 370,787 369,787 368,787 362,789 341,796 316,789 308,788 307,788 306,788 305,788 297,789 267,798 226,790 222,790 221,790 72,792 73,825"/>
        <pc:Baseline points="73,825 779,809"/>
        <pc:TextEquiv index="0">
          <pc:Unicode>u Schleſiſchen Gemeinen gemacht, deſſen er ſich</pc:Unicode>
        </pc:TextEquiv>
      </pc:TextLine>
      <pc:TextLine id="eSc_line_5cfc7b6f" custom="structure {type:default;}">
        <pc:Coords points="72,880 72,891 83,897 83,897 84,897 85,898 109,898 109,897 167,891 205,893 206,893 207,893 227,885 228,885 250,885 264,885 271,891 271,892 272,892 273,892 274,892 275,892 299,883 300,883 301,883 315,892 316,892 317,892 371,883 394,888 395,888 395,888 454,881 459,880 460,880 467,885 467,886 468,886 468,886 469,886 470,886 490,880 492,879 494,880 510,887 511,887 512,887 549,885 550,885 551,885 562,878 564,877 622,877 623,866 621,841 565,838 564,838 563,838 549,843 544,844 540,843 511,836 510,836 510,836 509,836 485,844 482,846 465,846 464,845 457,839 457,838 456,838 455,838 454,838 405,846 396,840 395,840 395,840 394,840 326,841 325,841 292,850 288,851 284,850 253,843 252,843 215,852 207,848 206,848 205,848 180,852 176,853 174,852 159,847 158,847 157,847 156,847 141,852 124,848 123,848 122,848 121,848 120,848 112,854 112,855 72,855 72,880"/>
        <pc:Baseline points="72,880 623,866"/>
        <pc:TextEquiv index="0">
          <pc:Unicode>im̅er mit Dankbarkeit erin̅erte.</pc:Unicode>
        </pc:TextEquiv>
      </pc:TextLine>
      <pc:TextLine id="eSc_line_3750f187" custom="structure {type:default;}">
        <pc:Coords points="106,929 106,941 133,952 134,952 135,953 188,953 188,952 189,952 208,945 224,949 225,949 226,949 227,949 228,949 239,939 279,947 280,947 281,947 296,940 324,940 335,948 336,948 337,948 338,949 355,949 355,948 395,947 395,947 418,935 500,934 518,942 519,942 520,942 520,942 541,934 574,934 593,943 594,943 595,943 596,943 597,943 615,931 652,941 653,941 654,942 687,942 687,941 702,940 703,940 704,940 716,929 770,927 771,914 770,893 710,886 709,886 708,886 708,886 698,893 689,885 688,885 687,885 647,885 646,885 604,889 604,889 603,889 603,890 597,894 564,887 563,887 562,887 544,897 541,897 489,894 488,894 428,899 419,900 418,900 397,891 396,891 395,891 395,891 394,891 386,896 381,892 380,892 379,892 378,892 377,892 376,892 369,896 324,893 323,893 322,893 322,893 322,893 312,902 311,903 302,902 262,897 261,897 204,904 202,904 201,904 194,898 193,898 192,898 191,898 190,898 189,898 189,899 184,904 184,904 158,905 156,904 146,897 145,897 145,897 117,897 116,897 115,897 114,897 104,903 106,929"/>
        <pc:Baseline points="106,929 771,914"/>
        <pc:TextEquiv index="0">
          <pc:Unicode>Bey ſeiner ungemeinen Freymüthigkeit</pc:Unicode>
        </pc:TextEquiv>
      </pc:TextLine>
      <pc:TextLine id="eSc_line_4a426975" custom="structure {type:default;}">
        <pc:Coords points="77,981 77,990 88,997 89,997 90,997 91,997 136,989 162,996 163,996 164,996 207,988 219,995 220,995 221,995 222,995 223,995 233,987 306,995 307,995 354,994 354,994 366,988 391,993 392,993 456,989 457,989 479,983 516,987 517,987 518,987 538,981 540,981 541,981 574,989 575,989 628,979 631,979 633,979 654,985 655,985 656,985 682,979 702,986 703,986 704,986 770,976 770,967 768,949 750,949 749,949 728,940 727,940 726,940 678,950 674,951 668,951 615,945 614,945 614,945 613,945 604,952 603,953 582,953 567,953 532,952 524,945 523,945 522,945 521,945 520,945 502,950 495,945 494,945 493,945 492,945 445,945 444,945 428,953 399,946 398,946 397,946 374,956 373,957 340,957 338,957 307,948 306,948 305,948 304,948 281,955 266,951 265,951 264,951 263,951 247,959 246,960 166,961 163,961 121,952 120,952 76,962 77,981"/>
        <pc:Baseline points="77,981 770,967"/>
        <pc:TextEquiv index="0">
          <pc:Unicode>war er vor Hohen und Niedern ein warmer</pc:Unicode>
        </pc:TextEquiv>
      </pc:TextLine>
      <pc:TextLine id="eSc_line_5cacc68e" custom="structure {type:default;}">
        <pc:Coords points="75,1036 76,1058 102,1049 134,1057 136,1057 137,1057 138,1057 139,1057 155,1047 219,1055 225,1055 226,1055 229,1054 272,1044 401,1047 402,1047 403,1047 416,1041 460,1049 465,1049 466,1049 544,1048 545,1048 547,1047 569,1038 578,1041 579,1041 580,1041 603,1037 633,1045 634,1045 635,1045 635,1045 652,1037 700,1034 781,1041 782,1020 780,996 688,999 677,997 659,991 658,991 657,991 656,991 640,997 634,999 630,997 628,996 627,996 626,996 625,996 625,996 624,996 622,997 612,1004 573,999 572,999 572,999 571,999 562,1005 517,1001 516,1001 515,1001 497,1007 458,999 441,997 440,997 384,997 383,997 376,1000 357,1010 334,1010 308,1001 304,1000 303,1000 302,1000 302,1000 298,1001 266,1012 147,1006 146,1006 145,1006 109,1015 94,1005 93,1005 93,1005 74,1005 75,1036"/>
        <pc:Baseline points="75,1036 500,1024 782,1020"/>
        <pc:TextEquiv index="0">
          <pc:Unicode>Verteidiger der Brüdergemeine, u er ver⸗</pc:Unicode>
        </pc:TextEquiv>
      </pc:TextLine>
      <pc:TextLine id="eSc_line_9a5235bf" custom="structure {type:default;}">
        <pc:Coords points="77,1091 79,1112 89,1106 119,1111 120,1111 121,1111 137,1101 160,1101 177,1110 179,1111 180,1111 181,1111 216,1111 216,1111 217,1111 218,1111 220,1108 231,1099 285,1099 305,1104 306,1104 307,1104 372,1097 381,1103 385,1106 385,1106 386,1106 387,1107 409,1107 409,1106 462,1104 463,1104 471,1101 485,1093 558,1098 565,1098 566,1098 571,1097 589,1094 594,1097 602,1100 603,1100 604,1100 604,1100 612,1096 620,1092 635,1095 658,1100 659,1100 660,1100 661,1100 669,1094 674,1091 679,1094 690,1099 691,1099 692,1099 780,1091 781,1073 779,1053 749,1053 731,1044 730,1044 729,1044 729,1044 728,1044 715,1053 714,1053 682,1047 681,1047 680,1047 679,1047 669,1053 666,1055 645,1054 586,1049 585,1049 584,1049 572,1054 570,1055 568,1054 551,1048 550,1048 520,1048 520,1048 519,1048 500,1055 490,1059 477,1055 457,1049 456,1049 455,1049 454,1049 453,1049 447,1055 442,1059 424,1056 423,1056 422,1056 403,1061 394,1056 389,1052 388,1052 387,1052 386,1052 357,1056 297,1065 283,1065 271,1057 269,1054 268,1054 267,1054 266,1054 224,1055 223,1055 219,1057 203,1066 177,1058 174,1057 173,1057 172,1057 166,1058 139,1062 134,1058 133,1058 132,1058 131,1058 75,1058 77,1091"/>
        <pc:Baseline points="77,1091 781,1073"/>
        <pc:TextEquiv index="0">
          <pc:Unicode>ſäumte ſelten dabey zu erin̅ern, daß er</pc:Unicode>
        </pc:TextEquiv>
      </pc:TextLine>
      <pc:TextLine id="eSc_line_c4ef4ca9" custom="structure {type:default;}">
        <pc:Coords points="79,1143 79,1154 100,1164 101,1164 102,1164 127,1163 128,1163 129,1163 147,1152 148,1152 191,1163 192,1163 193,1163 274,1161 325,1159 326,1159 327,1159 343,1149 371,1146 374,1146 375,1146 391,1152 392,1152 393,1152 430,1144 434,1144 451,1144 502,1144 543,1154 544,1154 545,1154 546,1154 562,1142 562,1141 630,1140 641,1140 645,1140 666,1152 666,1152 667,1152 668,1152 669,1152 697,1141 727,1145 728,1145 787,1135 787,1126 782,1098 771,1107 743,1100 742,1100 741,1100 740,1100 739,1100 701,1109 690,1101 689,1101 688,1101 687,1101 684,1101 657,1106 645,1103 631,1100 630,1100 629,1100 564,1101 563,1101 562,1101 555,1106 549,1111 525,1108 493,1103 492,1103 491,1103 479,1109 468,1114 447,1111 417,1105 416,1105 416,1105 397,1112 391,1114 384,1112 354,1106 353,1106 352,1106 335,1113 316,1111 315,1111 314,1111 313,1111 307,1115 304,1118 294,1116 272,1111 271,1111 270,1111 259,1117 255,1119 250,1118 229,1111 229,1111 228,1111 227,1111 226,1111 216,1119 214,1121 139,1122 138,1122 128,1117 127,1117 126,1117 78,1123 79,1143"/>
        <pc:Baseline points="79,1143 787,1126"/>
        <pc:TextEquiv index="0">
          <pc:Unicode>nicht werth sey, als ein Mitglied derſelben</pc:Unicode>
        </pc:TextEquiv>
      </pc:TextLine>
      <pc:TextLine id="eSc_line_b6d725e0" custom="structure {type:default;}">
        <pc:Coords points="82,1196 82,1207 104,1218 104,1218 105,1218 193,1215 194,1215 195,1215 202,1211 244,1215 245,1215 276,1212 277,1212 278,1212 298,1200 300,1198 315,1198 318,1199 346,1211 347,1211 348,1211 349,1211 381,1197 384,1196 416,1196 427,1204 428,1204 429,1204 430,1204 431,1204 432,1204 443,1195 445,1195 449,1195 478,1198 479,1198 530,1193 531,1193 531,1193 558,1200 559,1200 560,1200 561,1200 562,1200 574,1191 575,1191 578,1191 615,1195 616,1195 648,1191 671,1203 672,1203 673,1203 708,1195 727,1201 728,1201 729,1201 729,1201 730,1201 747,1186 771,1184 771,1177 770,1156 697,1151 696,1151 695,1151 671,1157 666,1158 663,1157 641,1152 640,1152 639,1152 638,1152 621,1158 615,1160 613,1158 605,1153 604,1153 604,1153 585,1153 584,1153 583,1153 583,1153 575,1159 571,1162 532,1159 486,1156 485,1156 484,1156 476,1160 467,1164 434,1161 431,1161 430,1161 429,1161 428,1161 407,1166 396,1161 392,1159 391,1159 390,1159 364,1162 302,1169 285,1163 279,1161 278,1161 277,1161 247,1163 246,1163 245,1163 245,1164 239,1170 164,1164 156,1164 155,1164 154,1164 153,1164 153,1165 143,1174 80,1166 82,1196"/>
        <pc:Baseline points="82,1196 771,1177"/>
        <pc:TextEquiv index="0">
          <pc:Unicode>angeſehen zu werden. Als er im letzten</pc:Unicode>
        </pc:TextEquiv>
      </pc:TextLine>
      <pc:TextLine id="eSc_line_054b9c36" custom="structure {type:default;}">
        <pc:Coords points="83,1247 83,1267 165,1266 166,1266 166,1266 166,1265 176,1257 203,1263 204,1263 300,1253 339,1253 355,1258 356,1258 357,1258 358,1258 359,1258 379,1253 395,1257 401,1258 402,1258 403,1258 404,1258 407,1257 419,1250 440,1256 442,1256 443,1256 444,1256 456,1255 522,1247 531,1252 538,1255 539,1255 540,1255 559,1251 572,1248 581,1250 597,1253 598,1253 599,1253 609,1249 615,1247 620,1248 629,1252 630,1252 631,1252 667,1247 700,1242 729,1245 769,1247 770,1247 770,1247 784,1242 784,1226 782,1207 756,1206 747,1199 746,1199 745,1199 744,1199 743,1199 720,1208 684,1201 683,1201 659,1205 631,1202 630,1202 629,1202 599,1213 486,1215 474,1207 473,1207 472,1207 471,1207 470,1207 450,1212 418,1208 417,1208 416,1208 397,1217 301,1212 300,1212 299,1212 281,1221 260,1215 259,1215 258,1215 257,1215 248,1220 239,1216 238,1216 237,1216 236,1216 235,1216 235,1217 229,1223 205,1215 204,1215 203,1215 153,1225 113,1217 112,1217 111,1217 82,1226 83,1247"/>
        <pc:Baseline points="83,1247 784,1226"/>
        <pc:TextEquiv index="0">
          <pc:Unicode>Kriege als Admiral mit einem Theil der</pc:Unicode>
        </pc:TextEquiv>
      </pc:TextLine>
      <pc:TextLine id="eSc_line_ee51a501" custom="structure {type:default;}">
        <pc:Coords points="84,1299 84,1309 224,1308 226,1309 235,1316 236,1316 237,1316 265,1318 266,1318 267,1318 268,1318 284,1308 286,1307 294,1308 336,1313 337,1313 338,1313 354,1307 363,1304 380,1307 435,1316 436,1316 478,1306 481,1305 484,1306 507,1314 508,1314 509,1314 552,1313 553,1313 569,1305 577,1300 592,1304 617,1311 618,1311 619,1311 658,1310 659,1310 660,1310 670,1303 672,1302 675,1303 683,1307 684,1307 685,1307 686,1307 687,1307 691,1303 695,1300 699,1303 709,1309 710,1309 711,1309 745,1303 750,1302 753,1302 777,1308 778,1308 779,1308 788,1302 788,1282 784,1257 778,1259 774,1257 764,1252 763,1252 762,1252 761,1252 760,1252 751,1257 746,1261 697,1261 691,1258 685,1256 684,1256 683,1256 682,1256 676,1259 668,1263 625,1263 593,1260 553,1257 552,1257 498,1262 435,1267 412,1263 397,1260 396,1260 395,1260 389,1263 379,1268 352,1264 340,1262 339,1262 322,1264 279,1271 250,1266 241,1264 240,1264 239,1264 235,1266 222,1271 159,1268 158,1268 157,1268 145,1274 125,1267 124,1267 123,1267 83,1267 84,1299"/>
        <pc:Baseline points="84,1299 788,1282"/>
        <pc:TextEquiv index="0">
          <pc:Unicode>Flotte in einem Fin̅iſchen Hafen lag, ſo be⸗</pc:Unicode>
        </pc:TextEquiv>
      </pc:TextLine>
      <pc:TextLine id="eSc_line_e05b3a8b" custom="structure {type:default;}">
        <pc:Coords points="88,1353 88,1373 142,1373 143,1373 144,1373 156,1364 168,1372 169,1372 170,1372 171,1372 172,1372 174,1372 202,1363 239,1370 244,1371 245,1371 246,1371 247,1371 248,1370 254,1364 309,1361 318,1366 319,1366 320,1366 321,1366 322,1366 351,1358 419,1358 432,1364 436,1366 437,1366 437,1367 461,1367 461,1366 476,1363 506,1356 533,1360 534,1360 581,1353 601,1359 608,1361 609,1361 610,1361 611,1361 616,1359 629,1352 652,1358 666,1361 667,1361 718,1360 719,1360 720,1360 725,1355 732,1350 758,1354 773,1357 774,1357 775,1357 786,1353 786,1337 784,1316 736,1309 735,1309 734,1309 721,1316 719,1317 717,1316 685,1309 684,1309 683,1309 652,1317 645,1319 632,1318 573,1311 572,1311 518,1314 517,1314 504,1319 496,1322 462,1319 436,1318 435,1318 434,1318 426,1320 413,1324 398,1320 391,1319 390,1319 389,1319 388,1319 382,1320 371,1325 364,1321 358,1317 357,1317 356,1317 355,1317 354,1317 354,1317 354,1318 349,1321 343,1326 284,1323 283,1323 227,1329 210,1323 203,1320 202,1320 201,1320 200,1320 190,1323 166,1330 145,1324 138,1322 137,1322 136,1322 86,1324 88,1353"/>
        <pc:Baseline points="88,1353 477,1341 786,1337"/>
        <pc:TextEquiv index="0">
          <pc:Unicode>ſuchte er einen dortigen Bruder, der ein</pc:Unicode>
        </pc:TextEquiv>
      </pc:TextLine>
      <pc:TextLine id="eSc_line_d229b786" custom="structure {type:default;}">
        <pc:Coords points="713,1385 714,1401 723,1396 791,1396 792,1383 791,1361 711,1359 713,1385"/>
        <pc:Baseline points="713,1385 792,1383"/>
        <pc:TextEquiv index="0">
          <pc:Unicode>Hand⸗</pc:Unicode>
        </pc:TextEquiv>
      </pc:TextLine>
    </pc:TextRegion>
  </pc:Page>
</pc:PcGts>
