1000 1642
75 105 776 166 Von Stockholm 1801, 1802 u 1803.
780 105 838 157 25.
69 188 776 259 Seitdem ich angefangen habe, mich ſelbſt recht ken⸗
73 245 774 310 nen zu lernen, habe ich Jhm nie mehr etwas
72 301 775 368 versprochen, u Er nim̅t mich an, ohne daß ich
73 350 777 423 Jhm etwas verſpreche, ohne alle Bedingung.
71 405 785 473 Das würde ich freylich nicht wagen, von irgend
75 459 779 523 einem Bruder oder von einer Gemeine zu
74 512 780 585 hoffen. Aber wohin ſollten ich u meines Glei⸗
78 567 777 639 chen uns wenden, wen̅ wir nicht — oft gegen
76 621 788 692 unſern eigenen Willen — zum Heiland fliehen,
81 675 785 748 u bey Jhm die allerunbedingteſte u freyeſte
86 735 565 800 Gnade annehmen dürften.“
99 778 783 852 Das Hauptunglück des ſeligen Bruders war,
84 833 781 909 daß er ſich durch ſeine lebhafte Einbildungs⸗
86 890 782 957 kraft ſo leicht verleiten ließ, nach einer Er⸗
84 941 780 1005 ken̅tniß in Dingen zu trachten, über die
87 991 796 1061 uns Gott in Seinem Worte nichts offenbart
88 1049 790 1119 hat. Das Fruchtloſe u Schädliche ſolcher Gei⸗
89 1101 783 1172 ſtesverirrungen mußte er dan̅ oft wieder
93 1153 791 1228 ſchmerzlich zu fühlen bekom̅en. „Nein, ſchrieb
92 1209 783 1275 er einmal in der letzten Zeit — Einſichten
93 1262 796 1330 u höhere Erkenntniſſe bewirken niemals eine
93 1315 789 1381 Veränderung des Herzens, das habe ich nun
722 1358 780 1398 42
