1000 1642
178 105 278 183 332.
312 94 928 168 Diarium von Gracehill in Jrland
228 176 923 247 D. 11t Jan. ging ich 7 Meilen weiter nach
223 232 894 295 Kilwarlin. Es ſind in dieſer Gemeine
227 291 919 347 nur noch 14 Com̅unicanten übrig geblie⸗
226 341 934 405 ben. Seit dem Jahr 1798, da Br. Sargenson
227 394 927 465 ſich nach Gracehill zum Ausruhen begab,
228 453 930 517 hat kein Arbeiter unter ihnen gewohnt.
224 509 911 570 Br. Schirmer kan nur einen Sontag in
226 561 920 629 jedem Monat bey ihnen verbringen, u.
222 614 925 681 auſſer dem haben ſie keine Verſam̅lun⸗
225 674 914 736 gen. Es verſam̅leten ſich indeß mehr
223 727 921 788 als 100 Perſonen, vor denen ich mit groſ⸗
222 781 896 847 ſer Freymüthigkeit über die Worte
224 835 914 903 Pſ. 35,3. Sprich zu meiner Seele: Jch bin
220 891 923 957 deine Hülfe — predigte. Jm ehemaligen
218 947 913 1012 Gemeinhauſe wohnt ein verheir. Paar
218 1003 916 1063 von Gracehill. Die Frau, welche ehemals
216 1046 934 1127 Lehrerin in der Mädchen⸗Anſtalt in Grace⸗
216 1111 918 1172 hill geweſen iſt, hat hier eine Penſions⸗
218 1172 936 1232 Schule angefangen, in welcher vornehmlich
218 1223 923 1280 den Som̅er über gegen 15. bis 20 Zöglin⸗
219 1276 917 1338 ge befindlich ſind; u. auſſer dieſen beſu⸗
217 1331 922 1403 chen auch mehrere andere Kinder die Schule.
837 1390 916 1424 D.12.
