1000 1641
63 95 642 181 in ihr Chorhaus in Hhut. 1806.
697 103 790 162 323.
72 192 395 258 Von ihren Eltern
54 232 538 304 und aus dem Ort - - 156.
78 295 418 362 Alſo haben nach und
56 342 720 423 nach das Chorhaus bewohnt 1399 Perſonen.
75 429 431 488 Davon ſind hingegen
59 481 412 538 in andere Gemeinen
61 521 748 596 gekommen:  -  -   420 Schw. u. Mädchen.
83 576 723 657 Jns Ehechor getreten - 356 Schweſtern.
86 631 745 709 Heimgegangen - - 330 Schw. u. Mädchen
91 691 427 759 Die Gemeine haben
135 734 699 806 verlaßen - - - 50 Perſonen.
93 802 435 866 Das Chorhaus bewoh⸗
113 846 748 927 nen gegenwärtig - 199 Schw. u. Mädchen
75 912 434 974 Jn der Penſions⸗An⸗
70 964 435 1030 ſtalt und im Ort befin⸗
68 1016 445 1088 den ſich von obiger An⸗
71 1073 436 1144 zahl ſämtlicher Einwoh⸗
69 1124 538 1192 nerin̅en dermalen - 44.
279 1215 732 1287 Sum̅a - 1399 Perſonen.
