1000 1642
80 117 743 198 Beſuch in Mähren, April 1806.
754 109 813 190 67.
66 214 774 278 in unſre Redlichkeit ſetzten; ſo waren ſie den̅och,
67 270 766 327 laut ihrer Jnſtructionen, nicht vermögend, uns
69 322 769 382 unſer Anſuchen zu gewähren, ſondern ſie er⸗
68 374 773 434 klärten, daß wir entweder zurückkehren, oder
68 426 770 486 10 Tage lang hier warten müßten, bis von
67 475 775 543 Brün̅ aus ein Paß zu unſrer weitern Reiſe
69 532 776 595 angekom̅en ſeyn würde. Da uns dieſes ſchwer
70 584 769 651 fiel, u mehrere Verſuche u wiederholte Ver⸗
65 642 766 705 wendungen fehl ſchlugen; ſo wurde uns von
71 697 767 758 dem vorgedachten Herrn Erzprieſter, einem
72 751 776 814 würdigen 80jährigen Greis, eine offene Em⸗
74 800 771 868 pfehlung an ein hochwürdigſt⸗Fürſtbiſchöfliches
71 856 768 922 Conſiſtorium in Brün̅ zugefertigt; worauf
72 909 778 971 wir, auf Anrathen einiger Freunde u beſon⸗
70 966 781 1028 ders eines Regiments⸗Caplans, welcher ſich mit
75 1016 771 1078 vieler Angelegenheit in dieſer Sache für uns
73 1068 779 1136 intereſſirt hatte, unſre Reiſe nach Fulneck zu
77 1132 270 1184 fortſetzten.
121 1171 778 1236 Fulneck, ein ſehr angenehmes, ringsum mit
78 1228 778 1289 Bergen umgebenes Städtchen, war uns beſon⸗
76 1283 775 1338 ders deswegen merkwürdig, weil ehedem der
77 1333 770 1397 Biſchof Comenius u mehrere unſrer alten
659 1375 773 1447 Brüder
