1000 1641
140 116 196 172 48.
217 107 878 160 Von Stockholm 1801, 1802 u 1803.
196 196 895 252 für mein Krankſeyn danken, den̅ dadurch
192 253 902 313 entkom̅e ich leicht allen weltlichen Geſellſchaf⸗
191 302 911 366 ten, in die ich ſonst gezogen werden würde,
195 361 903 419 u die meinem Herzen gewiß ſchädlich werden
194 413 903 468 würden." Jetzt war ihre einzige Sorge, ſchon
195 467 901 523 hier der Vergebung ihrer Sünden durch Jeſu
192 519 906 575 Blut verſichert zu werden, u wen̅ ſie den
193 570 898 630 Troſt aus Jeſu Tode nicht im̅er ſo lebhaft,
192 626 901 689 wie ſie es wünschte, in ihrem Herzen fühlte,
197 682 907 744 ſo wurde ſie leicht mißmüthig, u verhinderte
191 736 905 801 dan̅ oft ſelbſt den Glauben durch unnöthige
190 792 896 852 Bedenklichkeiten. Am letzten Tage ihres
199 846 903 909 Hierniedenſeyns ſagte ſie: "Jch wünſche nun
193 903 897 968 nichts ſo ſehr, als daß ich, wen̅ ich hier ein⸗
196 957 906 1017 ſchlafe, zu den durchborten Füßen meines
197 1010 897 1064 Heilandes wieder aufwachen möge." Jn der
188 1063 903 1122 darauf folgenden Nacht vollendete ſie mitten
194 1116 894 1180 im Schlafe ihren Lauf auf eine ſanfte,
194 1169 526 1227 unbemerkte Weiſe.
239 1213 888 1277 Am 25ſten July traten Geſchw. Stählins
196 1272 899 1336 eine Beſuchreiſe nach Oſtgothland zu un⸗
199 1320 885 1399 ſern daſelbſt befindlichen Geſchwiſtern u
754 1375 897 1417 Freunden
