1000 1641
207 120 876 175 Brief von Br. Bonatz, Febr. 1806.
164 120 202 179 4.
206 202 880 253 eingenom̅en werden mußten. Nachdem es den
202 255 887 310 Tag über ſtark geſchneit u geweht hatte, wurde
200 309 889 366 die Luft des Abends helle, u es trat eine bey⸗
201 360 894 422 nahe völlige Windſtille ein. Am 17ten erhob ſich
198 411 889 471 der Wind wieder, aber nicht uns zu Gunſten;
199 465 892 524 derſelbe blies bey abwechſelnden Regen u Schnee⸗
197 519 888 580 Schauern die folgenden Tage auf’s heftigſte, u
198 577 890 635 trieb uns ganz von unſerm Curs ab. Am 21ſten
198 631 892 698 gegen Mittag ſahen wir in einer Entfernung
197 687 875 745 von drey deutſchen Meilen Hettland uns
197 742 873 803 zur Seite liegen. Das war ein Glück für
195 798 878 853 uns; den̅ wir hatten nicht erwartet, jetzt
194 850 897 909 Land zu Geſicht zu bekom̅en; u da der Wind
195 903 889 964 noch ſehr ſtark wehete, ſo ſuchten wir uns bal⸗
190 955 886 1017 digſt von demſelben zu entfernen. Nachts in
192 1009 893 1069 der elften Stunde wurde es in der That fürch⸗
191 1068 890 1121 terlich. Wir ſaßen eben mit den andern Paſ⸗
191 1119 890 1180 ſagiers beyſam̅en im Speiſezim̅er / den̅ in un⸗
189 1173 890 1231 ſerm Stübchen kon̅ten wir nicht ſeyn, weil wir
187 1223 855 1279 kein Licht bekom̅en u uns ſelbſt nicht damit
188 1277 884 1335 verſehen hatten, / als ſich eine Brechwelle über
188 1331 865 1394 das Schiff ergoß, die daſſelbe ziemlich ganz
805 1378 887 1437 unter
