1000 1642
172 106 280 176 336.
282 102 941 164 Diarium von Gracehill in Jrland
230 181 924 245 da ſie aber ſo ſelten beſucht werden,
228 237 897 301 ſo ſind die meiſten ziemlich erkaltet.
226 299 897 349 Browndodd iſt in vorigen Zeiten ein
228 342 927 413 großes Erntefeld für die Brüder gewe⸗
223 405 928 472 ſen. Einige der reſpectabelſten Einwoh⸗
220 462 937 519 ner von Gracehill ſind aus dieſen rauhen
221 511 903 575 Bergen gekom̅en. O daß der Hld Sein
218 569 902 630 Werk unter ihnen wieder aufleben
219 623 903 685 ließe! D. 17t waren wir ſchon vor
220 685 893 740 Son̅enaufgang in einer ſchneidenden
220 732 901 795 Kälte zu Pferde. Wir beſuchten den
221 792 934 849 alten James MacMullen, einen ehrwür⸗
222 842 918 908 digen Greis von 91 Jahren, der zu Br.
222 900 924 959 Cenniks Zeiten erwekt worden, u. ſeit⸗
218 959 921 1015 dem, obgleich mit einiger Abwechſelung,
217 1002 924 1079 beym Hld geblieben iſt. Als ich ihn frag⸗
219 1072 918 1126 te, was der Grund ſeiner Hofnung des
218 1121 879 1172 ewigen Lebens ſey? antwortete er:
216 1167 917 1236 Des Hlds Blut u. Gerechtigkeit alleine,
218 1230 924 1287 u. das ſey ein guter Grund, um dem Tode
216 1289 920 1341 ohne Furcht unter die Augen zu treten.
216 1336 920 1399 Er wiederholte oft, wie ſehr er die Brü⸗
845 1381 915 1420 der
