1000 1642
187 110 275 181 354.
279 102 919 162 Diarium von Gracehill in Jrland
229 179 925 245 häufiger beſucht werden könten, u. daß
221 239 916 299 dadurch ein neues Leben unter ſie kom⸗
218 291 911 353 men möchte. Br. O’Harril predigt an 3.
224 344 930 408 bis 4 Orten, u. hat an einem derſelben oft
225 401 895 463 an die 300 Zuhörer. D. 3 Apr. ging ich
221 457 917 518 über Newcastle nach Banbridge, u. von da
218 511 933 576 nach Dromore, u. langte d. 4ten in aller früh
225 567 921 625 in Kilwarlin an. Hier beſuchte ich die mei⸗
222 621 926 685 ſten unſrer Geſchwiſter in ihren Häuſern,
221 673 915 738 hielt Nachmittags eine Predigt u. ſodann
221 735 917 792 eine Societäts⸗Verſam̅lung, u. reichte un⸗
219 789 919 845 ſern wenigen Com̅unicanten das heil. Amhl.
223 837 913 903 D. 5. Apr. kam ich wieder nach Hauſe mit
219 893 927 958 dem ſchönen Texte: Der Herr behüte deinen
218 948 885 1013 Ausgang u. Eingang von nun an bis in
219 1006 890 1073 Ewigkeit. Der ganze Weg betrug 120.
221 1058 920 1129 (engliſche) Meilen, von denen ich 42 zu Fuß
218 1117 896 1179 ohne die geringſte Ermüdung oder Be⸗
219 1174 611 1231 ſchwerde zurücklegte.
257 1222 888 1287 D. 7. Apr. predigte Br. Montgom̅ery in
212 1284 902 1339 Drumskilt, 2 Meilen von Gracefield, vor
218 1331 924 1398 einem zahlreichen Auditorio unter freyem
839 1377 916 1437 Him⸗
