1000 1643
348 107 860 166 Bethlehem, Nazareth,
203 105 281 166 166.
231 186 907 253 Chor der größern Mädchen gekom̅en
231 244 912 310 war, ſo gerieth ich in Gleichgültigkeit u.
231 303 905 366 Trockenheit gegen den Hld, ja ich fühlte
230 358 913 421 die größte Feindſchaft gegen ihn in mei⸗
223 408 917 474 nem Herzen, ich verlor den Geſchmack an
226 463 907 526 ſeinem Worte, u. ob ich gleich die Verſam̅⸗
224 514 891 580 lungen beſuchte, ſo waren ſie doch ohne
222 571 876 634 Segen für mein Herz. Oefters ſtiegen
228 623 913 690 ſchwere Seufzer zum Hld in meinem Her⸗
224 680 899 743 zen auf über die betrübte Lage in der
223 732 913 799 ich mich befand; aber kein kindliches u. zu⸗
220 791 908 854 trauliches Gebet um Gnade u. Barmher⸗
222 842 907 914 zigkeit konte ich ihm darbringen. Doch der
222 907 881 962 Freund, dem meine Seele lieb u. werth
217 952 889 1015 war, u. dem meine Seligkeit ſo viel ge⸗
218 1012 894 1075 koſtet hatte, ſahe meinen Jam̅er an, u. in
214 1069 905 1125 einer Liturgie trat er mir ganz unver⸗
216 1115 903 1182 muthet bey dem Geſang des Verſes: Schau
216 1170 885 1242 her, hier ſteh ich Armer p. ſo kräftig ans
217 1224 890 1291 Herz, daß ich mit ſingen aufhören u. den
217 1286 886 1349 Thränen freyen Lauf laſſen mußte. Jn
215 1336 888 1403 dem Augenblick bewies Er ſich als mein
843 1370 889 1438 Er⸗
