1000 1640
715 120 793 179 159.
92 178 668 248 No 9. des Erſten Theils der
148 237 651 306 Gem. Nachrichten 1806.
74 288 728 362 Aus den Berichten von Bethlehem, Na⸗
83 351 518 422 zareth u. Hope in Jerſey.
200 402 558 470 Vom Jahr 1805.
62 453 742 522 Die Penſions⸗Mädchen⸗Anſtalt in Beth⸗
57 509 746 581 lehem hat ſich auch in dieſem Jahre in ihrem
58 561 737 634 bisherigen blühenden Zuſtande erhalten.
60 614 731 690 Es befanden ſich beym Schluß des Jahres
59 668 742 743 89 Zöglinge in derſelben, von welchen 80
61 722 747 788 auswärtige Penſionairs ſind. Am 26t u.
61 774 709 849 27t April wurde das jährliche öffentliche
61 834 740 905 Examen in dieſer Erziehungsanſtalt ge⸗
64 889 731 953 halten, u. wir fanden viele Urſache, uns
64 941 754 1006 über die guten Fortſchritte der Schülerin̅en
67 996 751 1066 in nützlichen Fertigkeiten u. Wiſſenſchaf⸗
67 1048 748 1121 ten zu freuen, u. dem Heiland für den Se⸗
69 1103 743 1175 gen zu danken, welchen er auf den ihnen
67 1152 751 1225 ertheilten Unterricht gelegt hat. Die Zahl
72 1211 751 1278 aller Kinder, welche dieſe Schule beſuchen,
70 1263 762 1332 beträgt dermalen 122. Eine Pflegetochter
70 1318 742 1392 dieſer Erziehungsanſtalt, von Norfolk in
682 1357 752 1427 Vir⸗
