1000 1640
99 115 593 174 d. d. Neudietendorf. 1806.
680 119 756 177 241.
30 184 665 257 auf dieſen Fall zu treffen ſuchten.
36 244 701 309 Es wurde uns auch in der Nacht vom
32 298 709 360 6ten durch Fouriere eine Einquartie⸗
32 348 730 427 rung von 400. Man̅ Jnfanterie nebſt
35 412 709 485 75. Pferden angeſagt. Da wir ſolches
34 468 723 540 durch alle Vorſtellungen nicht abwen⸗
35 522 723 595 den kon̅ten, ſo mußten wir ſogleich die
35 576 731 654 nöthigen Anſtalten zur Unterbringung
38 635 692 707 dieſer groſſen Anzahl machen; wo⸗
40 691 694 760 bey ſich unſre Geſchw. ſehr willig be⸗
43 746 716 817 zeigten. Zu Mittag den 7ten rückten
40 802 723 872 den̅ dieſe 400. Man̅ wirkl. bey uns ein,
41 856 723 926 u. wurden nothdürftig untergebracht.
43 914 721 977 Die eine Hälfte wurde ins Brr:Haus,
45 968 725 1035 ins Gem:Logis u. aufs Gut, u. die an⸗
48 1021 719 1087 dere Hälfte bey den übrigen Geschwrn
47 1080 721 1148 im Orte vertheilt. Heute iſt Raſttag, u.
48 1136 744 1207 wir wußten nicht, ob die Einquartierung
50 1187 733 1257 noch länger liegen bleiben werde; aber
49 1240 702 1310 Abends um 9. Uhr erhielten wir die
50 1295 719 1374 Nachricht, daß ſie morgen, den 9ten,
