1000 1643
198 128 284 187 172.
328 109 826 173 Bethlehem, Nazareth,
227 191 916 256 der ſchon eingetretenen ſehr rauhen
226 248 913 310 Witterung, äußerſt beſchwerliche, ſon
227 301 905 364 dern auch mit Gefahr, Schmach u. Spott
224 350 932 427 verknüpfte Reiſe mit zu machen, auf wel⸗
224 405 910 472 cher er ſich ſehr willig u. thätig bewies,
223 455 921 532 u. ſich allen Unannehmlichkeiten mit Freu⸗
224 523 904 584 den unterzog. Als im Jahr 1771. der Ge⸗
220 578 903 638 meinort Nazareth angelegt wurde, ſo
226 635 884 689 war er einer der erſten, die ſich hier
221 680 906 743 niederließen, für das Beſte dieſes Or⸗
221 736 912 795 tes war er ſehr beſorgt, u. diente mit Rath
225 786 907 851 u. That, wo er konte. Dieß machte er ſich um
222 843 896 909 ſo mehr zur Pflicht, da er im Jahr 1779. zu
221 902 901 961 einem Mitglied der zur Berathung der
221 953 904 1017 äuſſerlichen Angelegenheiten eingerich⸗
218 1011 902 1067 teten Comittee ernant wurde. Jnſonder⸗
221 1059 905 1123 heit erken̅en die ledigen Schweſtern mit
220 1106 917 1189 Dankbarkeit, daß er ihnen gleich beym An⸗
220 1172 914 1234 fang ihrer kleinen Oeconomie, u. ſonderlich
219 1222 905 1290 bey dem Bau des Chorhauſes die erſprieß⸗
221 1285 907 1345 lichſten Dienſte geleiſtet hat. Er beſorgte
220 1339 898 1398 bis an ſein Ende das Amt eines Curators
834 1384 896 1428 der
