1000 1642
168 94 279 168 366.
279 95 909 166 Diarium von Gracehill in Irland
216 181 906 239 Tyrone u. Armagh gänzlich von den
214 241 907 290 Brüdern verlaßen, u. nur hie u. da ſind
208 280 907 347 noch Perſonen übrig, die ſich des Br. Cen⸗
210 340 941 397 niks in Segen erin̅ern, u. die es bedauern
208 391 902 454 daß die Brüder ſie nicht mehr beſuchen.
208 446 910 511 Gegen Abend kam er nach Richhill in der
211 500 911 566 Grafſchaft Armagh, u. wolte zuerſt den
212 561 917 623 HE. Gibſon, einen evangeliſchen Prediger
208 612 916 677 beſuchen, deſſen Bekantſchaft er in Dublin
209 673 910 731 gemacht hatte, u. der hier vor kurzem ein
204 720 908 787 neues Verſam̅lungshaus erbaut hat. Er
207 779 872 843 war nicht ſelber zu Hauſe, ſeine Leute
207 833 878 891 waren aber ſehr bereitwillig, dem Br.
199 883 929 950 Hartley das Verſam̅lungshaus anzubieten.
205 945 916 1008 Bei der von ihm gehaltenen Predigt wa⸗
200 998 878 1060 ren die meiſten von den noch übrigen
198 1053 901 1117 Mitgliedern der ehemaligen Gemeine in
197 1110 915 1165 Drumargon gegenwärtig, u. es wurde eine
202 1165 895 1220 Zuſam̅enkunft derſelben in dem Hauſe
200 1211 900 1274 eines Bruders auf den nächſten Montag
199 1269 906 1331 angeſagt. D. 28t früh nahm er mit ſchwe⸗
198 1321 888 1394 rem Herzen die ehemals den Brüdern
840 1367 899 1412 ge⸗
