1000 1642
160 106 261 165 362.
263 98 895 160 Diarium von Gracehill in Irland
217 178 906 241 des Hlds berufen wurde, u. zu dieſem
215 234 906 292 Zweck mit der led. Schw. Caritas Young in
213 288 916 346 die Ehe trat. Zuerſt kam er als Arbeiter
211 344 906 404 nach Kilwarlin, nachdem er zuvor zu ei⸗
208 395 906 452 nem Diacono war ordinirt worden, u.
210 446 917 511 bediente dieſe kleine Gemeine mit ſolcher
210 507 906 567 Treue u. Angelegenheit, daß ſein Dienſt
211 559 921 623 bey derſelben noch jezt in geſegnetem An⸗
210 613 901 676 denken iſt. Jm Jahr 1792. wurde er nach
208 665 915 732 Cootehill verſezt, wo er 5 Jahre im Segen
211 723 891 783 diente, bis eine Beſchwerde des Magens,
210 773 904 838 die mit Ohnmachten begleitet war, der⸗
209 829 908 892 maßen bey ihm überhand nahm, daß er
210 889 905 951 genöthigt wurde, ſich nach Gracehill zum
206 942 901 1006 Ausruhen zurück zu begeben. Hier ge⸗
210 999 890 1061 noß er 6 Jahre einen ſeligen Sabbath,
208 1048 907 1110 wobey er jedoch ſo weit es ſeine Geſund⸗
209 1100 901 1167 heitsumſtände zuließen, fortfuhr, Zeug⸗
208 1161 902 1219 niſſe von der Sünderliebe des Hlds ab⸗
210 1211 916 1276 zulegen. Als nach Br. Cowleys Abruf nach
207 1265 908 1334 Gracehill der Poſten in Ayr in Schotland
207 1326 897 1392 ohne Arbeiter war, ſo wagte er es im
833 1369 903 1415 Ver⸗
