1000 1643
147 128 235 185 150.
213 120 928 190 Schreiben des Br. v. Foreſtier, Philadelphia 1806.
216 192 926 252 ſo kurz war, daß uns HE. van der Smiſsen
217 250 925 306 ſo viele reale Dienſte erzeigte, daß wir ein
217 305 926 364 ſo gutes Schiff u einen ſo braven Capitain
216 357 931 425 bekamen, daß der Heiland unſre Geſellſchaft in
214 413 921 479 wahrer herzlicher Liebe u Eintracht erhielt,
217 465 926 533 u ſich ſo gnädig zu unſern täglichen Verſam̅⸗
210 523 924 573 lungen bekan̅te, daß es mit der Seekrankheit
215 572 923 627 und mit den Stürmen ſo gut abging, daß uns
216 623 925 684 kein Kaper begegnete; — /: in der heutigen Zei⸗
210 681 926 743 tung ſteht, daß ein Amerikaniſches Schiff vor der
210 739 908 797 Delaware⸗Bay von einem Spaniſchen Kaper
213 795 927 852 geplündert worde :/ — daß wir hier ſo liebreich
210 851 903 904 aufgenom̅en worden, u ſo viel Beyſtand u
211 905 920 962 Hülfe finden : o wie viel Materien, unſern
210 957 946 1019 Heiland zu preiſen, u wie viel Grund, auch ferner⸗
207 1009 920 1069 hin auf Seine Durchhülfe feſt zu vertrauen! —
255 1066 923 1115 Mit den Sachen der ankom̅enden Fremden
210 1118 926 1173 gibt es hier viel Schwierigkeiten, u wir haben
208 1172 920 1229 die unſrigen erſt geſtern erhalten kön̅en; ja
209 1222 916 1278 hätte ſich der Br. John Boller, Compagnon
206 1277 917 1336 des Br. Haga, unſrer nicht ſo treulich ange⸗
207 1335 909 1395 nom̅en, ſo weiß ich nicht, wie es gegangen
836 1388 911 1440 wäre
