1000 1641
149 123 198 177 42.
207 105 853 170 Von Stockholm 1801, 1802 u 1803.
209 204 892 260 entſtand auf Södermalm, in einem entlegenen
208 256 884 313 Theile der Stadt, eine Feuersbrunſt, durch
208 310 899 367 welche bis an den andern Morgen zwey meist
207 367 901 423 aus hölzernen Häuſern beſtehende Quartiere
203 421 886 473 abbran̅ten. Unſer alter verwitwete Bruder
203 474 895 533 Hagman̅, der dabey ſein Haus verlor, war
202 530 895 588 uns durch ſeine ſtille Ergebenheit in dieſe Fü⸗
207 581 887 642 gung des Heilandes zu großer Freude. Mit
202 643 890 694 in̅igem Vergnügen erzählte er, wie er nach
202 693 898 748 langem Suchen unter dem Schutte ſeine Bibel
201 746 758 804 noch glücklich wiedergefunden habe.
246 800 890 856 Jm Frühjahr 1802 hatten wir die Freude,
199 855 894 913 einen vieljährigen Wunsch der hieſigen Ge⸗
195 909 892 967 ſchwiſter erfüllt zu ſehen, indem wir den
191 961 906 1021 Anfang zu einer Knabenſchule machen kon̅ten.
191 1015 893 1074 Nachdem wir durch freywillige Beyträge einiger
193 1070 883 1130 unſrer Geſchwiſter in Stand geſetzt worden
194 1123 892 1179 waren, in einem Flügelgebäude auf unſerm
195 1176 880 1238 Hofe die dazu nöthigen Einrichtungen zu
189 1233 884 1285 machen, u der Heiland uns in dem Bruder
191 1281 886 1337 Zacharias Björknees einen zum Lehrer der
192 1333 889 1395 Jugend ſchicklichen Man̅ hatte finden laſſen;
838 1381 875 1434 ſo
