1000 1642
169 101 269 162 388.
276 91 902 155 Diarium von Gracehill in Irland
217 172 911 232 redete ich auch in der Abendverſam̅lung,
214 231 911 289 u. wieß meine Zuhörer auf den wahren
215 278 908 343 Glauben, der in Liebe thätig iſt, u. ohne
214 341 906 401 den es unmöglich iſt Gott zu gefallen,
216 396 907 457 oder die Früchte der Gerechtigkeit her⸗
214 448 910 509 vorzubringen. Auf dem Rückweg pre⸗
214 502 915 567 digte ich d. 7t meinem gegebenen Verſpre⸗
214 555 910 617 chen gemäß, in Billis, kam d. 8t nach Cooks⸗
215 609 905 673 town, u. langte den folgenden Tag wohl⸗
215 665 790 724 behalten wieder in Gracehill an.
240 716 904 776 D. 30. Nov. kam Br. Drennau von einer
212 770 907 840 in der Nachbarſchaft von Ballinderry ge⸗
213 833 883 893 machten Reiſe zurück, auf welcher er
213 888 913 946 eine beſondere Bewahrung ſeines Lebens
212 942 907 1000 erfuhr, da er von einigen betrunkenen
211 989 916 1057 Leuten angefallen wurde, die von ihren
217 1045 912 1114 Pferden ſtiegen, u. ihn übel mit Schlägen
215 1102 907 1167 zurichteten, wobey ſie ihn zu ermorden
211 1154 880 1217 drohten. Durch einige herbeygeeilte
214 1214 874 1273 Nachbarn wurde er jedoch glücklicher
210 1271 903 1329 Weiſe aus ihren Händen errettet, er⸗
212 1319 918 1389 hielt auch nachmals, da ſich eine Magiſtrats
846 1365 909 1422 Per⸗
