1000 1642
101 109 779 175 Brief von Br. Byhan, April 1805.
780 129 828 203 9.
120 211 766 280 No 2. des ersten Theiles der Ge⸗
131 270 589 330 mein⸗Nachrichten 1806.
133 397 772 466 a., Aus einem Briefe des Br. Gottlieb
157 443 781 509 Byhan in Springplace an Br. Ben⸗
161 494 766 550 zien in Salem, vom 7ten Apr. 1805.
116 571 782 640 Da mir empfohlen worden war, die für
94 627 782 698 die Cherokeſen Kinder am Hiwahse Fluſſe
95 684 787 751 unter der Verwaltung der General⸗Aſſembly
93 740 787 808 der Presbyterianiſchen Kirche in den ver⸗
98 793 795 862 einigten Staaten errichtete Schule gelegent⸗
97 841 790 917 lich zu besuchen: so machte ich mich am 13ten
98 902 789 966 Februar dieſes Jahres dahin auf den Weg,
100 951 795 1020 u traf am Abend deſſelben Tages bei Herrn
100 1006 788 1075 Black, dem Schulhalter daſelbst, ein. Herr
100 1063 796 1127 Blackburn, Prediger in Maryville, der die
97 1112 781 1182 Direction dieſer Schule hat, war auch auf
101 1170 796 1233 einen Besuch da, u ich wurde von beyden
107 1224 805 1291 freundſchaftlich aufgenom̅en. Jch sagte ihnen
102 1275 764 1340 den Zweck meines Beſuches, u daß wir
110 1327 786 1393 gleichfalls einige Indianer⸗Kinder in
708 1373 790 1413 Schule
