1000 1640
95 98 647 188 Erzgebürge, Franken p. 1805.
683 120 763 168 227.
37 180 696 250 ſam̅lungen der Erwekten beſuchen zu
35 239 690 307 dürfen. Eine derſelben war eine ſehr
36 289 722 357 beküm̅erte Frau, die ſich ehedem ſehr dem
36 344 721 414 Leichtſinn überlaſſen hatte. Sie hatte ein
38 396 716 468 einziges Kind gehabt, u. dieſes pflegte ſie
36 461 703 525 öfters in das offene Fenster zu ſetzen,
38 504 734 580 während ſie ihre Geſchäfte machte. Einſt⸗
38 574 719 630 mals wurde ſie von einer andern Frau
42 621 701 686 gewarnt, aber ſie achtete deſſen nicht,
43 673 721 736 u. bald darauf fiel das Kind zwey Stock
45 727 722 790 hoch hinab, u. wurde todt aufgehoben. Da
45 782 704 848 ſie ſich dieſes nun ſelbſt zuzuſchreiben
45 837 719 902 hat, ſo iſt ſie ſeitdem untröſtlich, u. ſucht
43 886 721 955 allenthalben Ruhe u. Troſt. Sie ließ mich
43 943 721 1006 bitten, einer Verſam̅lung beywohnen zu
45 1001 734 1066 dürfen, welches ich ihr ſehr gern erlaubte.
46 1054 721 1118 Auch redete ich nachher noch beſonders mit
47 1109 728 1175 ihr, u. ſie verſicherte mich, daß ſie noch nie
51 1161 731 1227 ſo viel Troſt gefühlt habe, als bey gegen⸗
51 1213 727 1281 wärtiger Gelegenheit. Jch ſtellte ihr vor,
51 1267 725 1333 daß ihr der Hld gewiß auf keine andere
51 1316 728 1396 Weiſe habe an ihr Herz kom̅en kön̅en, als
661 1360 733 1423 eben
