1000 1641
223 103 541 165 vom Jahr 1805.
727 110 804 163 351.
51 174 721 250 rium, u. konte mit großer Freudigkeit
46 234 764 307 meine Zuhörer auffordern, ſich mit ganzem
51 294 757 361 Herzen zum Herrn zu wenden. Leute von
52 348 752 412 allen Geſinntheiten waren gegenwär⸗
53 392 747 464 tig, u. betrugen ſich ſehr ordentlich u. an⸗
54 453 753 519 dächtig, u. ich konte es unſerm l. Herrn zu⸗
56 501 770 574 trauen, daß er ſich zu ſeinem Worte beken⸗
57 560 754 627 nen, u. meine Anweſenheit in Newry von ei⸗
56 610 753 682 nigem Nutzen werde ſeyn laßen. Außer
60 670 759 735 den Methodiſten gibt es in Newry wenige,
60 720 753 792 die irgend nach Religion u. dem Leben aus
60 779 762 844 Gott fragen. Doch wurde ich mit 2 Familien
65 827 758 896 bekant, in denen einige Perſonen ſind, die
65 882 782 953 man für wahren Nachfolger Jeſu halten kan.
64 936 781 1004 Wen̅ die Brüder hier regelmäßig beſuchen
67 989 753 1063 könten, ſo zweifelte ich nicht daran, daß
72 1044 752 1113 ſie Nutzen ſtiften würden. Aber ach! der
70 1099 761 1166 Arbeiter ſind wenige. D. 1 Apr. reiſte ich
74 1155 779 1219 früh weiter nach Kilkeel durch angenehme
70 1204 766 1276 Landſchaften längs der Carlingford Bay.
70 1261 769 1328 Kurz vor dem Ziele meiner heutigen Tag⸗
76 1314 775 1391 reiſe hatte ich eine beſondere Unterredung
707 1360 772 1414 mit
