1000 1642
78 105 760 179 Brief von Br. Byhan, April 1805.
768 116 813 190 13.
70 194 745 268 ſündigen Menſchen ſo geliebt, daß Er ſeinen
69 244 770 320 Sohn in die Welt geſandt, welcher die Strafe für
71 301 768 372 unſre Sünden auf ſich genom̅en u Sein Blut
71 353 767 426 vergoſſen habe, um uns mit Gott zu verſöhnen.
135 409 763 477 Nach einem Abendgebete auf den Knien
73 458 761 531 begaben wir uns zur Ruhe, u den andern
72 511 775 585 Morgen ſchieden wir mit herzlichen Wünſchen,
76 566 774 634 daß jeder ſeinen Zweck unter dieſer Nation
75 619 780 697 erreichen u Früchte ſeiner Arbeit ſehen möge,
74 670 779 748 von einander. Jch kam glücklich über den Hi⸗
78 720 781 803 waſsee⸗Fluß, wurde aber ziemlich nass, u da
82 782 781 855 es ein kalter Morgen war, u ich 7 engliſche
80 836 780 906 Meilen reiten mußte, ehe ich Feuer haben
82 888 782 962 kon̅te, ſo wurde ich ſo ſteif, daß ich, als ich vom
86 942 750 1018 Pferde ſtieg, kaum ſtehen u gehen kon̅te.
80 999 780 1072 Abends traf ich wieder in Springplace ein.
85 1051 788 1126 Jch habe gedachte Schule beſſer gefunden, als
85 1108 791 1180 ſie uns beſchrieben worden war. Herr Black
88 1156 783 1231 hält die Jndianer⸗Kinder, deren er bey mei
90 1207 766 1284 nem Besuche 14, nämlich 11 Knäblein u 3
85 1262 786 1335 Mägdlein hatte, in guter Ordnung, u ſie
90 1314 781 1392 haben nach Maaßgabe ihrer Schulzeit ſchon,
707 1375 791 1434 ziem⸗
