1000 1641
168 118 227 179 14.
239 116 887 176 Brief von Br. Byhan, April 1805.
202 199 894 256 ziemliche Fortschritte im Lernen gemacht. Auch
202 248 916 310 Herr Blackburn ist ein ſehr geſchäftiger Man̅,
198 304 895 364 weiß mit jederman̅ umzugehen, u hat viel Eifer,
198 359 891 418 Erken̅tniß des Heils unter die Cherokeſen zu
196 412 898 469 bringen. Er bedauerte, daß Br. Steiner, der
197 465 891 526 letzten Som̅er bey ihm eingeſprochen hat, ſich
196 522 885 577 nicht länger bey ihm habe aufhalten kön̅en:
195 571 904 631 den̅ damals ſey er in einer Lage geweſen,
180 627 898 684 da er beſonders Trost u Aufmunterung be⸗
193 679 897 743 durft habe. Auch erzählte er, er ſei in allen
191 730 905 802 unſern Penſylvaniſchen Gemeinen geweſen,
194 791 896 850 u die Penſions⸗Mädchen⸗Anstalt in Bethlehem
192 846 867 909 habe ihm vornehmlich gefallen. Als ich ihm
192 903 888 961 ſagte, daß jetzt auch in Salem eine ſolche
187 956 885 1015 Anstalt errichtet worden, war es ihm lieb,
188 1012 557 1070 dieſes zu vernehmen.
218 1108 894 1171 b.) Aus einem Briefe des Br. David Zeis⸗
220 1165 883 1228 bergers in Goſen am Muskingum an Br.
217 1217 897 1282 Gotthold Reichel in Salem vom 17ten May1805.
227 1273 897 1337 Die Nachricht von der Miſſion unter den
187 1320 899 1393 Cherokees, wie auch von der anzufangenden
812 1384 892 1416 unter
