1000 1641
157 118 218 170 12
222 116 889 170 Brief von Br. Byhan, April 1805.
191 196 885 250 40 derselben versam̅elt. Herr Blackburn las
194 246 874 305 zuerſt das 11te Capitel Matthäi, u redete
192 300 894 360 sodan̅ von dem Fall u Verderben der Menschen,
189 353 893 410 u wie ſie wieder zu Gnaden bey Gott kom̅en
191 404 893 460 kön̅ten. Nachdem er etwa eine Stunde ge
194 461 883 521 predigt hatte, taufte er zwey Kinder des
196 513 894 572 Herrn Black, das eine von 4 Jahren, u das
192 567 596 619 andere von 5 Monaten.
251 619 872 672 Abends hielt Herr Blackburn noch eine
192 677 901 727 lange Unterredung mit dem Jndianer Kotaquaskee
192 730 893 782 u ſeiner Frau über das Verderben der Menſchen,
190 783 894 843 u erzählte ihnen vieles aus dem alten Teſtament,
188 836 891 891 wie Gott mit den Menschen zu damaliger Zeit
187 894 882 947 umgegangen, u ſie um ihrer Sünden willen
190 949 896 1000 einmal größtentheils von dem Erdboden vertilgt
187 1003 883 1058 habe; worauf letzterer sagte: es sey Schade,
187 1054 885 1109 daß die Menſchen nicht von Anfang an gut
189 1110 890 1165 geſchaffen worden; den̅ in dieſem Falle wären
186 1163 885 1219 die Menſchen vielleicht jetzt noch alle gut. Herr
186 1210 886 1268 Blackburn erklärte ihnen dann, Gott habe die
189 1268 885 1328 erſten Menſchen gut geſchaffen, ſie wären
186 1322 893 1380 aber von Jhm abgefallen. Doch habe Gott die
832 1376 895 1423 Sün-
