1000 1641
720 113 806 176 309.
102 176 667 246 No 14. des Erſten Theils der
155 237 651 308 Gemein⸗Nachrichten.
315 293 436 353 1806.
51 341 700 422 Kurze Nachricht von der Erbauung
55 410 731 471 und dem nunmehr 50jährigen Beſte⸗
56 456 761 533 hen des Chorhauſes der ledigen Schweſtern
63 518 743 582 zu Herrnhut, zu dankbarer Erinnerung
57 567 747 625 der Gnaden⸗Wohlthaten unſers lieben
52 622 743 682 Herrn bey der Jubel⸗Gedächtniß⸗Feyer
58 674 739 753 des Einzugs in daſſelbe am 16. Oct. 1806.
96 753 728 820 Das Chor der ledigen Schweſtern
64 804 750 871 in Herrnhut erſcheint mit Lob u. Dank
64 856 754 928 u. im Gefühl einer jubelmäßigen Freude
65 916 747 982 vor dem Angeſichte Gottes unſers Hei⸗
62 969 747 1041 landes, da wir heut 50 Jahre zählen ſeit
65 1032 750 1095 dem Einzug in die uns von Jhm geſchenkte
65 1087 739 1144 Friedenshütte. Bey Erwägung der un⸗
69 1136 739 1205 zehlbaren Segen u. Wohlthaten, die wir
65 1195 773 1255 in dieſem Zeitraum im Jnnern u. Aeußern
65 1244 759 1312 erfahren haben, möchten wir am liebſten
66 1300 756 1381 unter inniger Anbetung u. mit milden
671 1336 749 1395 Lie⸗
