1000 1641
156 124 210 180 62.
236 124 871 176 Von Stockholm 1801, 1802 u 1803.
217 216 895 275 Jugend auf die Liebeszüge des Heilandes
210 275 908 331 an ſeinem Herzen erfahren hatte. Jm Jahre
210 328 888 381 1760 wurde er in die Gemeinſchaft der
208 381 905 440 Geſchwiſter aufgenom̅en. Seitdem iſt er un⸗
207 434 897 490 ter uns einen ungeſtörten ſeligen Gang
207 488 906 546 fortgegangen, u ſein treues Ausharren in
205 543 903 601 der Nachfolge Jeſu, nebſt ſeiner mit den
208 601 885 658 Jahren im̅er mehr gereiften Erfahrung
208 654 906 710 machten ihn zu einer Zierde des hieſigen
208 707 906 760 ledigen Brüderchores. Er hatte ein men⸗
206 761 901 813 ſchenliebendes Herz, dem es eine Freude
205 815 906 866 war, ſeinem Nächſten zu dienen, wobey
208 870 910 923 er mit großer Uneigenützigkeit ſeinen
201 923 895 978 eigenen Vortheil auf die Seite ſetzte, u
203 976 905 1032 vortheilhafte Gelegenheiten, die ſich ihm dar⸗
208 1027 900 1083 boten, ſeine Vermögensumſtände zu ver⸗
200 1083 894 1142 beſſern, nur dazu benutzte, andern zu
204 1135 896 1191 helfen u Freude zu machen. Das Werk
201 1194 902 1248 des Heilandes, welches der Brüdergemeine
199 1246 897 1304 anvertraut iſt, lag ihm nahe am Herzen,
202 1297 894 1354 u ſeine Seele lebte in der Gemeinſchaft
199 1350 897 1407 mit Kindern Gottes. Mehrere unſrer Brü⸗
843 1397 894 1444 der
