1000 1641
141 117 195 170 34.
208 113 880 162 Von Stockholm 1801, 1802 u 1803.
202 185 914 250 Bruder im̅er in ausgezeichnetem Grade ein Freund
206 247 895 297 der Kinder geweſen war; ſo war es dieſen
206 299 903 343 eine eigene Freude, als wir uns mit ihnen
206 349 913 403 um ſeine Leiche verſam̅elten, u unter Begleitung
207 405 911 464 einiger muſikaliſchen Jnstrumente eine Heim⸗
208 458 557 512 gangsliturgie hielten.
253 507 906 564 Am 22sten August wurde Br. Stählin zum
209 562 908 619 Herrn Hofmarſchall, Baron Adolph Rudbeck,
205 617 911 674 auf deſſen Landſitz Jacobsberg, 2 Meilen von
204 671 906 728 Stockholm, abgeholt. Er fand dieſen Herrn an
206 726 904 784 einer hitzigen Krankheit ſchon augenſcheinlich
206 784 911 836 ſeinem Ende nahe. Nachdem der Kranke ſeine
207 838 897 895 zahlreiche, ihn umgebende Familie aus dem
209 895 904 950 Zim̅er abzutreten erſucht hatte, erklärte er
208 947 906 1000 ſich auf eine vertrauliche u rührende Weiſe
205 998 890 1055 über die Stellung ſeines Herzens in Absicht
205 1053 901 1107 auf ſeinen nahe bevorstehenden Uebertritt in
208 1108 907 1165 die Ewigkeit. Es wurden ihm die köſtlichen Ver⸗
204 1163 914 1219 ſicherungen des Evangelii von der Gnade Gottes
204 1218 902 1273 im Verſöhnungsblute Jesu vorgehalten, welche
206 1269 908 1324 ſich der Kranke mit in̅iger Sehnſucht zueignete.
207 1320 898 1377 Br. Stählin benutzte hierauf die Gelegenheit,
805 1377 900 1437 dieſem
