1000 1642
60 120 728 181 Von Stockholm 1801, 1802 u 1803.
738 121 809 188 63.
59 213 739 271 der von verſchiedenen Ständen erin̅ern
60 264 768 331 ſich noch mit Vergnügen der herzmäßigen
58 318 751 385 u echt brüderlichen Unterhaltungen in
60 372 763 437 den Abendgeſellſchaften, welche er in frü⸗
62 425 763 490 hern Jahren, als er noch eine gute Ge⸗
62 479 760 544 ſundheit genoß, wöchentlich einmal bey ſich
60 534 774 600 versam̅elte. Nach dem Tode ſeiner Patronin,
61 589 769 648 der Frau Brandel, im Jahre 1798, da auch
61 643 758 708 die Leibes⸗ u Seelenkräfte des ſeligen
62 695 764 761 Bruders ſchon ſehr abnahmen, mußte man
66 751 744 812 beſorgen, daß er in Abſicht auf ſein
72 804 742 866 äußeres Durchkom̅en in Verlegenheit
75 856 776 917 gerathen kön̅te. Aber der Heiland neigte
68 912 767 977 das Herz ſäm̅tlicher Erben ſo, daß ſie ihm
69 964 772 1025 mit völliger Anerken̅ung ſeiner treuen
70 1017 769 1085 Dienste ſeine lebenslängliche Verſorgung
80 1069 777 1140 gemeinſchaftlich zuſicherten. An ſeinem
78 1125 781 1189 letzten Geburtstag war er kindlich ver⸗
78 1170 789 1242 gnügt, u äußerte mit vieler Freude, daß
76 1222 782 1296 dieſes ſein letzter Geburtstag hiernieden
79 1280 781 1344 ſeyn werde. Bald darauf wurde er von
81 1325 783 1405 überhandnehmender Entkräftung bettlägerig.
731 1384 776 1439 Er
