1000 1641
236 107 572 168 vom Jahr 1805.
705 109 796 168 367.
54 175 753 258 gehörigen Gebäude in Augenſchein. Die
51 237 747 304 Capelle iſt in eine Scheune verwandelt
52 288 740 353 worden, die Arbeiter⸗Wohnung iſt nie⸗
52 340 754 412 dergerißen, u. das Schweſternhaus, welches
53 396 752 470 ſich auch in einem ſehr baufälligen Zuſtan⸗
53 448 729 522 de befindet, wird von einem Bauern be⸗
53 503 749 577 wohnt, der dieſe Gebäude von dem Herrn,
53 563 760 632 an den ſie verkauft worden ſind, pachtwei⸗
55 614 768 690 ſe übernom̅en hat. Der Gottesacker, in wel⸗
55 670 742 743 chem noch einige Grabſteine liegen, iſt in
56 720 760 795 einen Obſtgarten verwandelt, u. die Bäu⸗
57 774 760 848 me, welche den Platz umgaben, ſind nieder⸗
59 825 739 907 gehauen worden; das Ganze befindet ſich
56 884 704 953 in einem ſehr verwilderten Zuſtande.
60 933 765 1007 Bis in ſein Jn̅erſtes durch dieſen Anblick be⸗
62 993 765 1070 wegt ging Br. Hartley in die geſtern ange⸗
63 1048 765 1121 ſagte Verſam̅lung, wo er die wenigen noch
61 1096 751 1175 übrigen Mitglieder der einſt blühenden
62 1151 760 1226 Gemeine Jeſu an dieſem Orte antraf. Der
63 1211 750 1286 Gedanke, daß dieſe Gemeine nun ſo ganz
66 1263 765 1335 eingegangen ſey, überwältigte ihn der⸗
66 1310 768 1387 maßen, daß er in einen Strohm von Thrä⸗
697 1358 772 1393 nen
