1000 1641
101 88 778 164 Colonien an der Wolga.1805.    269.
43 167 724 240 liegenden Anhöhe nicht zu ſehen war.
50 230 724 302 Es mochte zwischen 7 u. 8.Uhr seyn, den̅
46 286 723 354 die Sonne war nahe am Untergehen,
50 339 734 409 u. auf den rechter Hand gelegenen Fel⸗
48 389 714 464 dern ſahe man keinen Menſchen mehr.
50 443 736 516 Der Weg führte durch einige Vertiefun⸗
52 505 723 575 gen, die mit Strauchwerk bewachſen
51 550 708 625 waren. In einer ſolchen Vertiefung
51 619 737 680 kam auf einmal der eine von den vor⸗
53 662 726 739 hin erwähnten Kerls auf uns zuge⸗
58 714 750 797 ſprungen, u. ſchrie: Halt! Er ergriff auch
59 771 730 846 ſogleich den Paſt. Jauch, welcher ihm zu⸗
60 826 739 897 nächſt ſtand, an der Bruſt, u. übergab den⸗
60 878 717 951 ſelben ſeinem indeß ebenfalls herbey
62 937 747 1010 gekom̅enen Cameraden, welcher ihn nach
62 986 744 1057 dem Walde zu ſchleppte. Ich hatte dem er⸗
65 1046 733 1114 ſten dieſer Räuber anfangs abzuweh⸗
65 1096 740 1171 ren geſucht, wiewol vergeblich, u. war
64 1148 733 1221 alsdann eine Zeitlang unſchlüſſig, ob
69 1203 743 1276 ich nicht davon eilen, u. Hülfe herbey ho⸗
67 1262 745 1326 len ſolte. Theils aber trug ich Bedenken,
70 1311 730 1386 meinen Gefährten im Stich zu laſſen,
666 1354 746 1417 theils
