1000 1641
720 105 816 177 375.
215 103 535 160 vom Jahr 1805.
55 173 712 245 u. in den Stand geſezt, in der Predigt
53 226 745 298 fortzufahren. Den folgenden Tag ſezte
55 279 748 347 er ſeine Reiſe weiter fort über Richhill
59 333 754 400 u. Armagh, wurde aber durch einen hefti⸗
58 386 762 462 gen Regen genöthigt, in Glaſsloch liegen
60 448 758 510 zu bleiben. Den nächſten Morgen kam er
58 497 770 564 in aller Früh nach the Billis, einem alten Pre⸗
62 554 760 624 digtplatz der Brüder, wo ſie vor dieſem ei⸗
61 609 759 673 ne Capelle u. eine ziemlich zahlreiche Socie⸗
61 657 775 732 tät hatten. Seit 12 oder 15 Jahren hat aber kein
60 713 767 785 Bruder daſelbſt gepredigt. Br. Hartley traf
63 771 764 841 hier eine Anzahl wohlgeſin̅ter Leute an, die
66 825 769 890 darauf beſtanden, daß er ſie nicht, ohne eini⸗
67 877 741 949 ge Worte zu ihrer Erbauung geredet zu
68 933 756 1001 haben, verlaßen ſolte. Er redete daher in
65 979 773 1056 Einfalt u. mit Gefühl von dem Lam̅e Gottes,
69 1036 781 1106 das der Welt Sünden trägt; worauf ſie alle
70 1088 767 1164 ihr Verlangen darlegten, daß die Brüder
71 1143 764 1218 ſie öfters beſuchen möchten. Hierauf ging
71 1195 777 1264 er über Monaghan nach Cootehill; er beſuch⸗
70 1248 774 1323 te alle unſre daſigen Geſchwiſter, u. pre⸗
74 1310 773 1390 digte den Son̅tag zweymal vor einem an⸗
693 1346 777 1406 ſehn⸗
