1000 1640
93 112 671 189 Erzgebürge, Franken p. p. 1805.
715 127 785 184 203.
44 185 688 253 nachfolgen möchte. Er wurde dadurch
44 242 711 309 ſichtbar gerührt, u. verſprach, ſein Herz
43 295 624 362 dem Hld aufs neue hinzugeben.
87 343 721 416 Jn Augsburg, wo wir uns drey Wo⸗
43 401 725 473 chen aufhielten, beſtand die Anzahl un⸗
43 454 722 523 ſrer Geſchwiſter aus 100. Erwachſenen,
44 505 692 573 u. 23 Knaben u. Mädchen. Außerdem
45 559 728 634 hatte ich auch mit 4 Perſonen Bekantſchaft,
47 618 720 689 die ſich mit einander gemeinſchaftlich er⸗
46 674 733 738 bauen, zugleich aber auch mit den Brüdern
46 730 725 794 in Verbindung stehen. Zwey von denſel⸗
49 787 435 844 ben ſind Katholicken.
82 830 729 897 Der mit uns bekan̅te Senior Geider
53 886 730 956 iſt in dieſem Jahre ſelig aus der Zeit ge⸗
53 946 732 1015 gangen. Ein anderer evangeliſcher Geiſt⸗
51 1000 718 1066 licher führte in einer ſeiner Predigten
53 1050 725 1117 an, daß es nunmehr 25 Jahr ſey, ſeit er
53 1102 718 1169 ſeiner Gemeine das Evangelium pre⸗
54 1155 727 1228 dige. Zugleich äußerte er: es ſey zwar
54 1215 728 1276 vom Anfang ſeines Amtes an ſein Anlie⸗
55 1263 730 1338 gen geweſen, ſeine Zuhörer Jeſu zuzu⸗
55 1316 732 1397 führen; aber dieſes ſein Anliegen werde
670 1377 732 1404 in
