1000 1642
214 106 313 155 274.
325 87 866 165 Br. Gregors Beſuch auf den
240 171 921 237 nach Hauſe zurück, wo meine liebe Frau
239 228 909 292 u. die übrige Geſellſchaft durch unſern
237 283 913 348 Aufzug in die größte Beſtürzung ver⸗
239 340 925 404 ſezt wurde. Auch verſam̅elten ſich ſogleich
236 390 908 453 eine Menge der hieſigen Einwohner, die
237 442 918 511 uns ihr Mitleid bezeugten. Ein Theil der
239 500 917 567 jungen Mannſchaft jagte zu Pferde nach
235 555 921 622 dem Walde, wo wir geplündert worden
239 613 918 673 waren, u. durchſtreifte denſelben bis
237 670 921 733 in die ſpäte Nacht, konte jedoch weder die
238 722 919 785 Thäter noch etwas von den geraubten
235 777 916 841 Sachen ausfindig machen. Nachdem mei⸗
236 834 910 895 ne Frau ſich vom erſten Schreck erholt,
236 884 911 951 u. ich ſie ſo gut ich konte getröſtet hatte,
238 943 931 1004 wuſch ſie unter vielen Dank⸗ u. Freuden⸗
234 993 917 1059 thränen meinen von Blut triefenden
231 1048 918 1111 Kopf, u. verband die Wunden deſſelben,
236 1107 909 1163 da es an anderer chirurgiſcher Bedie⸗
230 1160 920 1226 nung hier ggänzlich fehlte. Gott ſegnete
235 1225 913 1277 die treuen Bemühungen meiner Frau,
235 1271 906 1332 ſo daß ich auch in den folgenden Tagen
231 1321 900 1389 keiner weiteren Hülfe bedurfte, u. die
819 1371 915 1411 Wun⸗
