1000 1642
200 105 284 186 320.
315 97 938 186 Jubil. des Einzugs der led. Schwn.
242 184 929 249 nie Mangel gehabt, mit in̅igſter Rüh⸗
250 246 812 300 rung zum Preis ſeiner Gnade.
287 292 920 352 O kön̅ten wir ihm an dieſem fröli⸗
245 343 930 411 chen Jubelfeſte ein ſolches Lob anſtim⸗
242 409 927 464 men, wie er es verdient! Er nehme un⸗
245 462 917 519 ſern ſchwachen aber in̅igen Dank in
243 519 894 575 Gnaden an! Er laße ſeine ewigen
249 571 929 624 Friedsgedanken ferner über uns wal⸗
243 627 927 688 ten, u. fahre fort die jezigen u. künf⸗
242 679 901 739 tigen Einwohnerin̅en dieſes ihm ge⸗
243 731 942 795 weihten Hauſes zu ſegnen, unter ihnen
243 794 926 850 zu wohnen u. zu wandeln, ſo daß ſein
242 843 930 904 Gottesfriede ſich über das Ganze u. die
245 898 927 958 Theile ſtets verbreite, damit Gnade, Ein⸗
241 951 936 1015 falt, ſchweſterliche Liebe u. der Geiſt der
232 1009 933 1070 Freuden, der ihn preiſt, darin̅en herrſchend
241 1061 924 1123 ſeyn möge; u. laße inſonderheit den heu⸗
239 1119 915 1184 tigen Feſttag zu durchgängiger Gna⸗
240 1176 923 1232 denanfaſſung, Erneuerung u. wahren
239 1232 930 1291 Geiſtesverbindung aller Herzen zu dem
235 1285 924 1342 Sinn, nur für ihn u. zu ſeinem Wohlgefal⸗
236 1333 922 1406 len zu leben, geſegnet ſeyn; ja er ſchenke
864 1381 912 1420 es
