1000 1642
178 105 278 183 346.
280 105 921 175 Diarium von Gracehill in Jrland
224 180 927 246 gröſte Andacht u. Stille u. der Hld bekan⸗
219 238 919 301 te ſich zu dem Wort von ſeinem Kreuze.
219 290 905 357 Um 5 Uhr predigte Br. Montgom̅ery in
216 346 884 406 Hraid vor einem zahlreichen Auditorio.
217 411 900 469 So wurden unſre Gemüther zur Begehung
218 460 918 524 des morgenden Segenstages vorbereitet.
221 511 920 576 Am 25ſten Merz als unſerm Jubeltage in
221 565 926 633 Gracehill, ſtim̅ten die Muſici früh Morgens
219 623 919 693 einige paſſende Melodien auf dem Platze
219 680 939 742 an, um das Feſt anzukündigen. Wir ſezten
215 741 932 799 den Morgenſegen bis 11 Uhr aus, um unſern
217 791 932 857 Geſchwiſtern auf dem Lande Zeit zu laßen,
218 843 892 913 ſich zu verſam̅eln. Zur gedachten Stunde
219 908 918 964 erſchienen wir zuſam̅en vor unſerm Haupt
218 962 921 1015 u. Aelteſten, der ſeine arme, mangelhafte
214 1011 909 1070 Gemeine in Gloonen u. Gracehill nun ſchon
211 1061 916 1127 50 Jahre geführt, geleitet u. getragen hat,
217 1118 920 1176 u. demüthigten uns in den Staub zu ſeinen
218 1168 898 1234 Füßen; wobey wir unzehlige Urſachen
216 1229 895 1289 fanden uns über unſre man̅igfaltigen
212 1286 915 1344 Abweichungen zu ſchämen, u. ſeine unwan⸗
215 1335 907 1402 delbare Treue zu preiſen. Um 1 Uhr war
830 1383 898 1413 ein
