1000 1640
675 120 752 164 257.
99 107 612 168 d. d. Gnadau. Oct. 1806.
35 191 701 262 rigen Woche ganz mußten ausgeſezt
30 253 548 310 werden, wieder halten kön̅en.
51 300 686 369 Wir dürfen indeſſ noch im̅er nicht
34 368 699 428 weiter, als nur für den gegenwärti⸗
36 419 724 483 gen Tag ſorgen; wir trauen es aber
34 474 679 535 unſerm l. Herrn kindl. zu, daß Er
33 537 683 601 uns nicht mehr auflegen werde, als
31 592 667 658 wir ertragen kön̅en, u. daß Er aus
37 646 711 729 Gnaden allem fernern Schaden weh⸗
39 705 246 761 ren werde.
