1000 1641
194 104 529 165 vom Jahr 1805.
695 111 772 158 341.
43 180 713 255 uns in Verbindung ſtehen, iſt hier nur
44 234 734 311 klein u. im Abnehmen, da niemand ſich ih⸗
46 289 732 368 rer gehörig annim̅t. O daß der Hld bald
50 342 753 420 einige treue Arbeiter in ſeine hieſige Ern⸗
47 399 749 477 te ſenden wolle, den̅ ſie iſt groß! Von hier
53 458 741 524 ging mein weiterer Weg nach Lisburne,
53 513 757 582 wo ich nach einem angenehmen Ritt bey ſchö⸗
52 563 755 637 nem Wetter, den 6ten zu Mittag eintraf.
61 616 757 697 Jch wurde erſucht in der Evangeliſchen Ver⸗
63 675 737 751 ſam̅lung zu predigen, welches ich auch vor
58 730 765 799 einer zahlreichen Gemeine that. Den Abend
65 784 765 855 verbrachte ich gröſtentheils unter angeneh⸗
62 837 770 912 men Geſprächen mit einigen Freunden. Nach⸗
63 892 743 959 dem die Geſellſchaft aufgebrochen war,
65 938 787 1018 konte ich mich der Bemerkung nicht erwehren,
68 1000 757 1071 daß erwekte Perſonen viel mehr Nutzen
70 1055 785 1126 von ihren Geſellſchaften u. Unterredungen
70 1105 737 1180 ziehen würden, wen̅ ſie die Erörterung
69 1155 774 1232 mancher Sätze der Chriſtlichen Lehre denen
74 1207 777 1281 überließen, die über Religion lieber diſ⸗
75 1269 778 1339 putiren, als ſie zu genießen suchen, u. wen̅
72 1312 783 1403 ſie dagegen mehr bey der Liebe Jeſu, u. dem
716 1358 776 1409 Ge⸗
