1000 1642
163 105 254 155 378.
272 91 886 158 Diarium von Gracehill in Irland
215 169 893 239 gefangen, u. wir hoffen, daß dieſelbe
212 228 900 286 den gewünſchten Nutzen haben werde.
216 277 923 342 Es iſt in der That zu beklagen, daß das Chor
214 333 906 401 der led. Brr. beynahe gänzlich in Verfall
211 396 896 457 gerathen iſt, u. daß ſo viel von unſern
209 442 900 513 jungen Leuten den Dienſt der Welt dem
211 494 887 564 ſanften Joch Chriſti vorziehen. Bey alle
211 556 913 620 dem hegen wir noch die Hofnung, daß ein⸗
208 611 906 674 mal eine Stunde der Gnaden⸗Heimſu⸗
208 667 875 728 chung für ſie ſchlagen werde, u. wir
210 725 903 785 wollen indeß alles anwenden, ihr wah⸗
213 777 909 841 res Wohl zu befördern, u. ſie ermuntern,
213 830 895 895 ihr Loos unter einem Volke Gottes gebo⸗
212 886 914 950 ren u. erzogen zu werden, hoch zu ſchäzen.
247 939 911 1001 D. 27t July war das Begräbniß eines
212 989 908 1060 gewiſſen John Telford, der in Magherabeg
211 1051 909 1107 nach einer langen u. beſchwerlichen Krank⸗
210 1106 910 1168 heit verſchieden war. Er war durch Br. Cen⸗
209 1158 924 1222 nicks Predigten erwekt worden, u. ſchien
210 1213 886 1280 Gnade erlangt zu haben, war aber in
209 1267 873 1331 ſeinem Wandel ſehr unbeſtändig. Da
210 1319 908 1395 ſeine ganze Familie feindselig gegen die
834 1365 912 1426 Brü⸗
