1000 1642
59 103 695 172 Beſuch in Mähren, April 1806.
726 103 791 158 95.
39 197 738 256 u keinen Tag vergehen laſſen würden, ohne
39 252 742 318 mit ihrer Familie zu Jhm zu beten. Jhre weh⸗
36 299 758 380 müthigen Aeußerungen gingen jetzt auf ein⸗
39 359 743 418 mal in Freude u Dankbarkeit über, ſie wußten
41 411 747 482 nicht Worte genug zu finden, dieſelbe auszu⸗
42 467 741 529 drücken, u verſicherten, wie ſie gewiß dem
44 519 747 585 Heiland herzlich dafür danken u auch für dieſe
46 572 742 643 gutthätigen Menſchen, welche ihnen, ohne ſie zu
43 628 764 696 ken̅en, ein ſolches Geſchenk zugeſchickt hätten, fleiſ⸗
48 689 487 750 ſig zu Jhm beten würden.
94 737 760 797 Ueber Olmütz u Nernberg, wo die Epidemie
50 791 746 852 viele Menſchen weggerafft hatte, führte uns
51 843 755 902 unſre Straße bis Hof, wo wir Abends am 27ſten
51 894 751 954 den alten Br. Joſeph Thomas in vergnügtem
50 949 751 1011 Wohlſeyn antrafen. Er iſt in dieſer Stadt der
53 1006 754 1070 einzige Hausbeſitzer, der ſich zur evangeliſchen
53 1060 755 1120 Kirche hält, u hat ehedem deßhalb manche Wider⸗
55 1112 754 1174 wärtigkeit erdulden müſſen. Da die nächſte
54 1164 754 1226 evangeliſche Kirche in Hillersdorf 9 Stunden
57 1217 757 1284 von hier entlegen iſt, ſo hält er gewöhnlich des
57 1270 760 1331 Son̅tags, wen̅ er nicht zu den Erweckten auf
56 1323 761 1398 die nahegelegenen Dorfſchaften geht, bey ſich einen
694 1362 761 1432 Haus⸗
