<?xml version="1.0" encoding="utf-8"?>
<pc:PcGts xmlns:pc="http://schema.primaresearch.org/PAGE/gts/pagecontent/2019-07-15" xmlns:xsi="http://www.w3.org/2001/XMLSchema-instance" xsi:schemaLocation="http://schema.primaresearch.org/PAGE/gts/pagecontent/2019-07-15 http://schema.primaresearch.org/PAGE/gts/pagecontent/2019-07-15/pagecontent.xsd" pcGtsId="GT-OCR-GN_1806_1__GN.A.351__361_1317d">
  <pc:Metadata externalRef="https://images.iiif.slub-dresden.de/iiif/2/data%2Fkitodo%2FNachaudeB_1745047107_1806_1%2FNachaudeB_1745047107_1806_1_tif%2Fjpegs%2F00000362.tif.medium.jpg/full/full/0/default.jpg">
    <pc:Creator>escriptorium</pc:Creator>
    <pc:Created>2024-01-26T14:56:00.414626Z</pc:Created>
    <pc:LastChange>2024-01-26T14:56:00.414637Z</pc:LastChange>
    <pc:MetadataItem type="processingStep" name="recognition/post-correction" value="ocrd-cor-asv-ann-join">
      <pc:Labels externalModel="ocrd-tool" externalId="parameters">
        <pc:Label value="False" type="add-filegrp-comments"/>
      </pc:Labels>
      <pc:Labels externalModel="ocrd-tool" externalId="version">
        <pc:Label value="0.1.14" type="ocrd-cor-asv-ann-join"/>
        <pc:Label value="2.60.2.dev0+gac1f15b3.d20240125" type="ocrd/core"/>
      </pc:Labels>
    </pc:MetadataItem>
  </pc:Metadata>
  <pc:Page imageFilename="361_1317d_default.jpg" imageWidth="1000" imageHeight="1642">
    <pc:TextRegion id="eSc_textblock_be158de3" custom="structure {type:text;}">
      <pc:Coords points="718,105 907,102 926,124 915,539 922,765 944,925 929,1396 911,1411 832,1414 820,1400 688,1392 218,1407 208,1392 204,204 197,171 164,155 164,116 178,102 273,94 513,105 571,91"/>
      <pc:TextLine id="eSc_line_85f54a0f" custom="structure {type:default;}">
        <pc:Coords points="167,112 167,145 167,160 256,155 256,145 254,97 173,105 167,112"/>
        <pc:Baseline points="168,146 257,146"/>
        <pc:TextEquiv index="0">
          <pc:Unicode>358.</pc:Unicode>
        </pc:TextEquiv>
      </pc:TextLine>
      <pc:TextLine id="eSc_line_1c778686">
        <pc:Coords points="900,102 891,102 886,102 872,102 858,102 845,102 831,102 817,102 804,103 790,103 782,103 780,105 769,112 739,105 732,103 721,103 708,103 694,102 693,101 675,105 645,110 623,106 564,94 563,94 561,94 560,94 545,108 542,110 536,108 523,101 516,103 502,103 489,103 484,102 473,108 465,112 354,112 350,109 326,95 324,95 310,95 297,94 290,94 289,94 287,94 257,109 257,145 256,151 282,161 283,161 284,161 463,155 500,162 501,162 910,154 912,147 910,108 900,102"/>
        <pc:Baseline points="258,146 913,148"/>
        <pc:TextEquiv index="0">
          <pc:Unicode>Diarium von Gracehill in Irland</pc:Unicode>
        </pc:TextEquiv>
      </pc:TextLine>
      <pc:TextLine id="eSc_line_bafab2cb" custom="structure {type:default;}">
        <pc:Coords points="218,222 218,233 408,229 415,232 428,241 429,241 430,241 431,242 489,242 489,241 489,241 490,241 502,232 507,228 523,232 564,240 565,240 605,235 645,238 646,238 647,238 648,238 656,231 660,228 711,228 721,231 744,239 745,239 746,239 807,239 807,239 808,239 824,231 848,238 849,238 850,238 851,238 872,230 879,228 907,229 909,216 907,178 895,176 894,176 893,176 892,176 888,178 873,190 838,190 822,180 814,176 813,176 812,176 812,176 811,176 792,181 781,184 772,181 750,174 749,174 748,174 718,175 717,175 697,183 678,191 661,184 636,175 635,175 635,175 553,176 552,176 529,187 519,193 455,193 447,189 432,182 431,182 430,182 429,182 428,182 416,189 389,188 373,177 372,177 371,177 318,177 317,177 316,177 315,177 295,193 217,195 218,222"/>
        <pc:Baseline points="218,222 909,216"/>
        <pc:TextEquiv index="0">
          <pc:Unicode>von Kilkeel, u. predigte im Wachthauſe</pc:Unicode>
        </pc:TextEquiv>
      </pc:TextLine>
      <pc:TextLine id="eSc_line_5d0c3146" custom="structure {type:default;}">
        <pc:Coords points="211,273 211,287 350,284 356,289 362,293 363,293 364,293 364,294 383,294 383,293 384,293 395,289 405,284 470,288 471,288 472,288 490,283 501,290 506,291 507,291 508,291 509,291 510,291 513,290 524,282 535,290 536,290 537,290 538,290 539,290 540,290 562,282 593,290 604,292 605,293 648,293 648,292 649,292 654,290 664,285 692,290 693,290 694,290 695,290 708,281 753,281 772,290 773,291 774,291 775,292 821,292 821,291 822,291 822,291 827,287 832,290 833,290 833,290 834,290 835,290 855,283 912,291 914,270 913,244 897,235 896,235 895,235 855,235 854,235 854,235 853,235 838,245 822,235 822,235 821,235 799,235 798,235 797,235 796,235 781,246 775,249 766,249 759,246 739,235 739,235 713,235 712,235 711,235 687,246 677,249 645,249 640,246 636,243 635,243 635,243 634,243 633,243 624,246 621,247 619,246 609,241 608,241 607,241 586,246 571,249 552,246 531,242 530,242 474,247 466,247 465,247 453,237 452,237 451,237 450,237 449,237 448,237 441,241 398,237 397,237 396,237 395,237 384,247 378,251 319,251 312,247 303,240 302,240 302,240 301,240 300,240 283,247 281,248 279,247 267,243 266,243 265,243 264,243 256,247 252,249 210,248 211,273"/>
        <pc:Baseline points="211,273 914,270"/>
        <pc:TextEquiv index="0">
          <pc:Unicode>am Seeufer vor einer großen Geſell⸗</pc:Unicode>
        </pc:TextEquiv>
      </pc:TextLine>
      <pc:TextLine id="eSc_line_9b405c30" custom="structure {type:default;}">
        <pc:Coords points="215,331 215,349 269,346 274,348 279,351 280,351 281,351 281,351 290,348 312,341 326,348 333,351 333,351 334,352 362,352 362,351 363,351 364,351 368,347 377,341 414,341 422,346 427,351 428,351 429,351 430,352 447,352 447,351 447,351 466,345 485,340 512,344 536,349 537,349 538,349 552,344 560,341 587,340 593,343 593,344 594,344 595,344 596,344 597,344 600,343 608,340 617,343 637,350 638,350 639,351 675,351 675,350 708,349 709,349 728,342 734,339 765,339 769,341 781,347 782,347 783,347 784,347 806,340 812,339 820,340 845,343 846,343 914,338 915,328 914,295 888,283 887,283 886,283 848,290 822,285 822,285 821,285 801,296 797,296 776,296 775,296 746,285 745,285 681,283 680,283 665,285 664,285 663,285 649,297 642,297 622,297 621,297 604,284 604,284 603,284 543,284 542,284 541,284 541,284 521,298 494,298 475,284 474,284 473,284 472,284 471,284 446,298 445,299 397,299 392,299 378,289 377,289 376,289 357,288 356,288 355,288 354,288 342,298 310,289 309,289 308,289 307,289 279,298 260,287 260,287 259,287 258,287 257,287 256,287 240,298 230,293 229,293 229,293 228,293 214,298 215,331"/>
        <pc:Baseline points="215,331 915,328"/>
        <pc:TextEquiv index="0">
          <pc:Unicode>ſchaft ſehr aufmerkſamer Zuhörer. Mitt⸗</pc:Unicode>
        </pc:TextEquiv>
      </pc:TextLine>
      <pc:TextLine id="eSc_line_cd167631" custom="structure {type:default;}">
        <pc:Coords points="211,386 211,395 218,400 218,400 219,400 220,400 262,395 278,402 279,402 280,402 281,402 307,394 337,401 338,401 372,394 382,403 383,403 384,403 385,403 428,395 444,402 445,402 446,403 514,403 514,402 515,402 516,402 516,401 521,396 543,399 544,399 545,399 556,394 578,401 579,401 580,401 581,401 611,391 613,391 624,391 631,391 643,400 644,400 645,400 645,400 676,394 695,399 696,399 697,399 697,399 698,399 707,393 790,397 791,397 791,397 807,389 808,389 904,389 904,378 901,356 778,357 777,357 760,344 760,344 759,344 748,344 747,344 746,344 745,344 725,358 724,358 721,358 677,348 677,348 676,348 656,358 654,360 626,360 625,359 596,346 595,346 594,346 593,346 582,353 553,347 552,347 552,347 551,347 535,356 504,348 503,348 465,348 464,348 463,348 438,361 437,361 417,352 416,352 416,352 415,352 404,357 395,352 395,352 394,352 393,352 392,352 378,359 367,351 366,351 365,351 287,350 286,350 285,350 284,350 267,363 264,363 210,363 211,386"/>
        <pc:Baseline points="211,386 904,378"/>
        <pc:TextEquiv index="0">
          <pc:Unicode>woch Morgens predigte ich wiederum in</pc:Unicode>
        </pc:TextEquiv>
      </pc:TextLine>
      <pc:TextLine id="eSc_line_fb78d4a8" custom="structure {type:default;}">
        <pc:Coords points="211,439 211,454 243,451 248,454 252,457 253,457 254,457 255,458 284,458 284,457 285,457 300,453 308,451 339,453 409,457 410,457 438,451 451,449 467,451 498,455 499,455 576,449 610,447 635,448 709,454 710,454 711,454 727,449 752,453 753,453 754,453 755,453 762,447 764,446 769,447 809,453 810,453 811,453 812,453 820,446 821,446 823,446 841,452 842,452 843,452 910,445 911,433 909,415 884,415 855,397 854,397 854,397 829,397 828,397 827,397 826,397 805,415 728,411 727,411 703,415 672,405 671,405 670,405 669,405 668,405 658,411 612,399 611,399 610,399 493,401 492,401 467,411 441,405 440,405 439,405 438,405 408,419 355,419 333,402 332,402 331,402 311,402 310,402 210,420 211,439"/>
        <pc:Baseline points="211,439 911,433"/>
        <pc:TextEquiv index="0">
          <pc:Unicode>unſrer Capelle in Kilkeel, worauf wir</pc:Unicode>
        </pc:TextEquiv>
      </pc:TextLine>
      <pc:TextLine id="eSc_line_089efedc" custom="structure {type:default;}">
        <pc:Coords points="210,494 210,505 280,503 286,506 295,512 296,512 297,512 298,513 343,513 343,512 343,512 344,512 352,506 356,502 380,501 388,506 395,509 396,509 397,509 437,506 439,506 440,506 465,511 466,511 467,511 481,506 494,500 514,506 533,510 534,510 535,510 536,510 537,510 544,506 554,499 649,504 650,504 651,504 669,498 695,505 698,506 699,506 700,506 706,505 729,499 737,505 739,508 740,508 741,508 742,509 774,509 774,508 775,508 782,505 792,501 804,505 812,507 812,507 813,507 893,504 893,487 890,465 858,465 857,465 838,449 837,449 836,449 809,449 808,449 807,449 806,449 795,457 745,450 744,450 743,450 742,450 725,465 696,451 695,451 642,451 641,451 640,451 623,459 606,452 605,452 604,452 538,453 537,453 536,453 521,465 505,467 501,467 499,467 456,461 455,461 454,461 428,467 399,457 398,457 397,457 396,457 395,457 378,468 375,470 366,468 348,465 311,465 310,465 309,465 298,469 291,471 209,470 210,494"/>
        <pc:Baseline points="210,494 893,487"/>
        <pc:TextEquiv index="0">
          <pc:Unicode>uns nach Newry auf den Weg begaben.</pc:Unicode>
        </pc:TextEquiv>
      </pc:TextLine>
      <pc:TextLine id="eSc_line_ebeedb1b" custom="structure {type:default;}">
        <pc:Coords points="212,550 212,559 262,566 263,566 264,566 265,566 271,561 276,566 277,566 278,566 279,566 280,566 294,558 295,558 296,558 322,565 322,565 323,565 391,558 413,564 414,564 415,564 463,563 464,563 481,555 483,555 539,555 554,555 572,561 573,561 574,561 635,555 692,560 693,560 735,552 866,558 867,558 868,558 888,550 888,540 885,501 858,514 834,502 833,502 833,502 832,502 831,502 830,502 812,516 636,517 601,509 572,501 571,501 570,501 551,509 538,515 521,510 500,504 499,504 498,504 497,504 479,511 478,511 477,511 451,503 450,503 415,503 414,503 413,503 392,513 369,513 351,504 350,504 349,504 348,504 322,514 298,505 297,505 296,505 228,506 227,506 226,506 211,515 212,550"/>
        <pc:Baseline points="212,550 888,540"/>
        <pc:TextEquiv index="0">
          <pc:Unicode>Br. O'Harril hat in Mourne ein weites</pc:Unicode>
        </pc:TextEquiv>
      </pc:TextLine>
      <pc:TextLine id="eSc_line_46d9ea7c" custom="structure {type:default;}">
        <pc:Coords points="215,607 215,623 249,616 267,623 271,624 272,624 273,624 312,623 313,623 314,623 316,623 327,613 345,613 368,617 369,617 423,613 447,619 448,619 449,619 509,612 522,619 523,619 524,619 525,619 526,619 527,619 542,612 557,618 562,620 562,620 563,620 573,618 608,610 646,610 657,616 661,619 662,619 663,619 664,619 687,616 739,608 783,613 784,613 785,613 786,613 790,610 795,614 799,617 800,617 801,617 802,617 905,612 905,599 904,564 891,557 890,557 889,557 888,557 887,557 886,557 872,566 867,569 834,570 829,566 818,557 817,557 816,557 758,555 757,555 728,561 705,556 704,556 703,556 674,566 653,573 537,574 503,565 479,559 478,559 477,559 460,560 459,560 458,560 451,565 439,574 432,571 431,571 430,571 405,576 390,565 387,562 386,562 385,562 368,561 367,561 340,561 339,561 338,561 334,565 325,572 313,566 312,566 312,566 279,567 274,565 270,562 270,562 269,562 268,562 214,564 215,607"/>
        <pc:Baseline points="215,607 616,598 905,599"/>
        <pc:TextEquiv index="0">
          <pc:Unicode>Feld zu bearbeiten, u. manche Gelegen⸗</pc:Unicode>
        </pc:TextEquiv>
      </pc:TextLine>
      <pc:TextLine id="eSc_line_e135d2a2" custom="structure {type:default;}">
        <pc:Coords points="210,660 211,678 236,667 273,667 290,676 291,676 291,676 336,677 337,677 338,677 342,675 362,667 389,675 395,676 395,676 396,676 397,676 401,675 414,668 451,673 452,673 530,664 566,672 573,673 574,673 587,671 623,665 635,670 641,673 642,673 643,673 699,672 700,672 712,668 741,661 819,665 820,665 881,660 894,665 903,669 904,669 905,669 906,669 916,665 916,650 913,628 833,629 832,629 808,616 807,616 806,616 805,616 761,630 759,630 757,630 720,620 719,620 718,620 718,620 717,620 702,630 701,631 697,630 674,626 673,626 619,631 611,632 610,632 585,619 584,619 583,619 583,619 582,619 568,629 537,623 536,623 535,623 534,623 520,632 502,620 501,620 500,620 469,620 468,620 468,620 431,633 427,635 400,635 398,633 371,622 370,622 336,622 335,622 334,622 308,635 306,636 303,635 279,623 278,623 277,623 229,623 229,623 228,623 209,633 210,660"/>
        <pc:Baseline points="210,660 916,650"/>
        <pc:TextEquiv index="0">
          <pc:Unicode>heiten, Jeſum den gekreuzigten dem ar⸗</pc:Unicode>
        </pc:TextEquiv>
      </pc:TextLine>
      <pc:TextLine id="eSc_line_fe0dbeda" custom="structure {type:default;}">
        <pc:Coords points="208,712 208,721 314,721 316,721 324,727 325,727 326,727 327,727 328,727 350,721 351,721 352,721 365,727 366,727 367,727 408,727 408,727 409,727 420,720 421,720 432,726 433,726 434,726 480,720 481,720 482,720 500,726 501,726 502,726 503,726 504,726 512,719 515,719 535,724 536,724 577,719 578,719 579,719 610,725 611,725 612,725 624,718 625,718 631,718 695,724 696,724 729,723 729,723 730,723 738,717 739,717 747,717 838,722 839,722 840,722 856,717 857,717 858,717 886,722 887,722 913,716 914,706 910,668 902,672 885,669 866,665 865,665 864,665 864,665 858,669 857,670 856,669 841,662 840,662 839,662 838,662 815,670 805,663 804,663 803,663 732,663 731,663 730,663 708,674 694,680 682,675 679,673 678,673 677,673 663,675 651,676 649,675 634,664 633,664 632,664 631,664 565,665 564,665 532,678 522,683 517,678 500,665 499,665 498,665 497,665 496,665 473,673 436,665 435,665 434,665 433,665 411,682 405,685 380,682 362,680 361,680 360,680 359,680 355,683 352,685 325,684 287,681 286,681 285,681 284,681 280,685 277,687 208,687 208,712"/>
        <pc:Baseline points="208,712 914,706"/>
        <pc:TextEquiv index="0">
          <pc:Unicode>men unwißenden Volke dieſes Landes zu</pc:Unicode>
        </pc:TextEquiv>
      </pc:TextLine>
      <pc:TextLine id="eSc_line_34afa40f" custom="structure {type:default;}">
        <pc:Coords points="211,769 211,779 253,783 254,783 255,783 256,783 261,779 264,778 270,779 282,783 283,783 284,783 285,783 286,783 292,779 296,777 306,779 342,787 343,787 375,786 375,786 391,778 396,775 448,777 450,777 474,785 475,785 476,785 514,784 515,784 516,784 525,776 554,772 569,776 583,779 584,779 585,779 586,779 597,775 608,771 614,775 620,779 621,779 622,779 623,779 624,779 638,775 654,771 681,774 697,776 697,776 718,774 743,771 747,774 756,780 757,780 758,780 759,781 793,781 793,780 794,780 795,780 801,775 813,779 814,779 815,779 816,779 838,772 843,771 845,772 860,779 861,779 862,779 863,779 875,772 882,769 906,771 906,758 904,729 837,729 793,721 792,721 791,721 781,726 774,720 773,720 772,720 771,720 770,720 770,720 761,727 717,717 674,717 673,717 672,717 671,717 659,725 622,718 621,718 600,720 599,720 581,730 557,727 556,727 523,734 522,734 521,734 494,726 493,726 492,726 491,726 479,731 459,722 458,722 458,722 457,722 418,735 376,722 375,722 375,722 338,727 288,723 287,723 286,723 285,723 263,737 262,737 252,733 251,733 250,733 210,737 211,769"/>
        <pc:Baseline points="211,769 478,762 906,758"/>
        <pc:TextEquiv index="0">
          <pc:Unicode>verkündigen. Möge der Hld mit ihm ſeyn</pc:Unicode>
        </pc:TextEquiv>
      </pc:TextLine>
      <pc:TextLine id="eSc_line_4421215b" custom="structure {type:default;}">
        <pc:Coords points="211,823 211,833 234,841 235,841 236,841 279,833 317,838 318,838 319,838 337,833 393,839 394,839 395,839 406,832 411,837 412,837 413,837 521,838 522,838 523,838 539,830 541,829 612,829 613,829 625,834 625,834 626,834 627,834 646,829 647,829 648,829 691,835 692,835 736,828 737,828 738,828 799,834 800,834 801,834 818,829 829,833 830,833 831,833 832,833 848,826 849,826 850,826 867,833 868,833 869,833 917,825 918,815 917,788 868,774 867,774 866,774 865,774 864,774 843,789 834,794 780,790 765,789 764,789 757,790 734,795 729,791 717,781 716,781 715,781 683,776 682,776 650,777 649,777 648,777 625,791 598,783 597,783 596,783 595,783 565,795 559,797 556,795 534,778 533,778 532,778 531,778 515,779 514,779 513,779 493,790 472,779 471,779 470,779 421,779 420,779 419,779 413,784 375,779 374,779 373,779 372,779 355,792 335,789 334,789 333,789 333,789 320,800 319,800 210,801 211,823"/>
        <pc:Baseline points="211,823 918,815"/>
        <pc:TextEquiv index="0">
          <pc:Unicode>u. ſeine Arbeit ſegnen! Jn Newry fanden</pc:Unicode>
        </pc:TextEquiv>
      </pc:TextLine>
      <pc:TextLine id="eSc_line_d5d8b229" custom="structure {type:default;}">
        <pc:Coords points="213,881 214,895 228,889 266,894 270,894 271,894 272,894 273,894 281,888 308,893 320,895 321,895 322,895 328,893 338,888 343,893 347,895 348,895 349,895 350,895 351,895 357,892 361,890 364,892 375,898 375,898 376,898 377,898 443,892 467,896 468,896 468,896 488,889 498,885 530,885 540,888 567,895 568,895 569,896 625,896 625,895 625,895 626,895 643,885 646,883 659,885 719,893 720,893 721,893 746,883 747,883 748,883 759,890 760,890 760,890 761,890 762,890 786,882 789,882 791,882 849,892 850,892 851,892 852,892 862,883 901,879 901,872 899,833 868,833 867,833 866,833 865,833 865,834 856,840 843,834 832,831 831,831 830,831 829,831 817,835 794,844 781,836 776,833 775,833 774,833 773,833 772,833 771,833 768,837 759,843 711,848 697,839 696,838 695,838 694,838 693,838 687,839 676,841 674,839 666,832 665,832 664,832 635,832 634,832 633,832 632,832 621,841 612,847 599,843 598,843 597,843 596,843 583,851 554,852 522,852 512,843 510,841 510,841 509,841 492,841 491,841 490,841 489,841 484,844 478,849 471,845 462,839 461,839 460,839 459,839 439,841 431,835 430,835 429,835 428,835 358,842 319,837 318,837 317,837 316,837 296,850 289,853 212,852 213,881"/>
        <pc:Baseline points="213,881 901,872"/>
        <pc:TextEquiv index="0">
          <pc:Unicode>wir bey HE. Bell eine ſehr herzliche Auf⸗</pc:Unicode>
        </pc:TextEquiv>
      </pc:TextLine>
      <pc:TextLine id="eSc_line_2f0dff58" custom="structure {type:default;}">
        <pc:Coords points="213,934 213,951 261,954 262,954 263,954 264,954 268,951 271,948 293,950 294,950 295,950 322,943 333,950 336,953 337,953 338,953 339,953 372,952 409,950 410,950 411,950 412,949 423,942 437,945 438,945 439,945 479,940 524,948 538,950 539,950 540,950 545,947 559,942 590,944 591,944 622,938 668,944 669,944 670,944 680,940 688,946 689,946 690,946 691,946 696,945 740,937 805,945 816,945 817,945 818,945 822,945 846,935 931,943 933,924 931,900 909,900 894,887 893,887 892,887 891,887 817,888 816,888 793,901 778,901 761,890 760,890 760,890 759,890 758,890 735,901 664,901 655,895 654,895 653,895 652,895 651,895 650,895 640,903 614,899 613,899 612,899 611,899 604,904 588,904 567,892 566,892 565,892 564,892 563,892 538,905 495,905 471,893 470,893 426,893 425,893 424,893 423,893 406,906 375,904 364,894 364,894 363,894 362,894 361,894 334,904 279,895 278,895 250,902 239,897 239,897 238,897 237,897 212,908 213,934"/>
        <pc:Baseline points="213,934 933,924"/>
        <pc:TextEquiv index="0">
          <pc:Unicode>nahme. Er iſt ein wahrer Liebhaber des Evan⸗</pc:Unicode>
        </pc:TextEquiv>
      </pc:TextLine>
      <pc:TextLine id="eSc_line_81fd49f5" custom="structure {type:default;}">
        <pc:Coords points="211,989 211,1008 239,1008 239,1007 240,1007 241,1007 248,1001 253,1006 254,1006 255,1006 256,1006 257,1006 279,1001 298,1005 304,1006 305,1006 306,1006 309,1005 322,998 447,1000 447,1000 448,1000 468,996 507,999 516,1000 517,1000 542,998 616,994 622,997 627,1001 628,1001 629,1001 630,1001 666,996 670,996 673,996 718,1000 718,1000 719,1000 732,994 735,993 744,994 786,999 787,999 855,993 897,997 898,997 899,997 917,989 917,979 916,947 887,945 886,945 885,945 878,947 866,954 858,948 851,943 850,943 849,943 821,943 820,943 819,943 818,943 807,949 797,956 681,956 673,953 666,949 666,949 665,949 664,949 663,949 658,953 655,956 652,953 648,951 647,951 646,951 645,951 645,951 635,954 622,957 609,955 576,946 542,946 541,946 541,946 515,956 502,947 501,947 500,947 469,947 468,947 435,948 434,948 401,959 398,960 397,959 390,954 389,954 388,954 387,954 361,956 339,949 338,949 337,949 336,949 320,955 266,952 265,952 264,952 249,959 224,956 223,956 222,956 221,956 210,961 211,989"/>
        <pc:Baseline points="211,989 917,979"/>
        <pc:TextEquiv index="0">
          <pc:Unicode>gelii, u. ein Freund derer, die es verkündi⸗</pc:Unicode>
        </pc:TextEquiv>
      </pc:TextLine>
      <pc:TextLine id="eSc_line_f1f4783a" custom="structure {type:default;}">
        <pc:Coords points="211,1047 211,1065 270,1055 316,1063 322,1064 322,1064 323,1064 324,1064 324,1063 336,1054 431,1061 447,1062 447,1062 448,1062 453,1061 478,1052 515,1051 535,1051 549,1060 550,1060 551,1060 552,1060 552,1060 553,1060 558,1060 584,1050 599,1059 600,1060 601,1060 602,1060 603,1060 612,1059 659,1049 717,1049 733,1056 735,1057 736,1057 737,1057 738,1057 739,1057 739,1056 745,1051 752,1056 753,1057 754,1057 755,1057 756,1058 787,1058 787,1057 798,1055 828,1049 842,1054 844,1055 845,1055 846,1055 847,1055 850,1054 870,1046 922,1052 923,1036 921,1010 867,1010 842,994 841,994 840,994 804,994 803,994 802,994 755,1008 738,996 737,996 736,996 692,996 691,996 690,996 689,996 676,1005 651,997 650,997 649,997 626,1001 625,1001 625,1001 607,1014 576,1014 559,1006 558,1006 557,1006 556,1006 555,1006 542,1015 529,1015 499,999 498,999 497,999 447,1000 446,1000 445,1000 420,1016 382,1018 330,1001 329,1001 328,1001 327,1001 260,1020 210,1020 211,1047"/>
        <pc:Baseline points="211,1047 923,1036"/>
        <pc:TextEquiv index="0">
          <pc:Unicode>gen. Jch wurde hier durch die Krankheit mei⸗</pc:Unicode>
        </pc:TextEquiv>
      </pc:TextLine>
      <pc:TextLine id="eSc_line_93c0f442" custom="structure {type:default;}">
        <pc:Coords points="211,1101 211,1111 223,1118 224,1118 225,1118 226,1118 249,1111 288,1111 302,1122 303,1122 304,1122 305,1122 341,1113 353,1122 354,1122 354,1122 355,1122 356,1122 357,1122 373,1111 394,1121 395,1121 395,1122 433,1122 433,1121 434,1121 474,1110 478,1109 484,1110 562,1120 562,1120 563,1120 604,1109 609,1108 612,1109 635,1119 636,1119 637,1120 650,1120 650,1119 651,1119 652,1119 666,1109 667,1108 667,1109 683,1118 684,1118 685,1118 686,1119 711,1119 711,1118 712,1118 737,1109 750,1112 750,1112 751,1112 752,1112 762,1108 768,1106 800,1108 804,1108 816,1116 817,1116 818,1116 819,1116 820,1116 843,1108 846,1107 913,1107 915,1094 911,1066 898,1072 875,1072 865,1067 863,1066 862,1066 861,1066 852,1068 820,1074 805,1069 784,1060 783,1060 782,1060 677,1061 676,1061 675,1061 658,1072 647,1080 505,1080 495,1077 471,1069 470,1069 386,1064 385,1064 359,1065 358,1065 357,1065 338,1080 329,1077 328,1077 327,1077 326,1077 325,1077 319,1081 317,1082 308,1082 237,1078 236,1078 235,1078 210,1084 211,1101"/>
        <pc:Baseline points="211,1101 915,1094"/>
        <pc:TextEquiv index="0">
          <pc:Unicode>nes Pferdes zwey Tage aufgehalten, wor⸗</pc:Unicode>
        </pc:TextEquiv>
      </pc:TextLine>
      <pc:TextLine id="eSc_line_8aeb0839" custom="structure {type:default;}">
        <pc:Coords points="210,1153 210,1163 259,1172 260,1172 260,1172 261,1172 272,1163 279,1163 296,1163 322,1163 343,1163 354,1170 355,1170 356,1170 357,1170 358,1170 366,1163 367,1163 387,1163 394,1163 432,1170 433,1170 434,1170 435,1170 445,1163 445,1163 478,1162 566,1162 567,1163 572,1167 573,1167 574,1167 575,1167 597,1163 607,1161 618,1163 640,1166 641,1166 687,1163 728,1159 734,1163 739,1166 740,1166 741,1166 742,1166 856,1165 857,1165 858,1165 862,1162 865,1159 876,1162 880,1163 881,1163 882,1163 883,1163 885,1162 893,1158 900,1162 902,1146 899,1117 868,1122 858,1117 842,1110 841,1110 840,1110 839,1110 821,1118 813,1122 808,1118 798,1111 797,1111 796,1111 743,1111 742,1111 741,1111 724,1116 708,1113 708,1113 707,1113 706,1113 696,1121 687,1126 656,1129 632,1122 604,1112 604,1112 580,1112 579,1112 578,1112 577,1112 563,1122 556,1128 547,1122 541,1120 540,1120 539,1120 538,1120 537,1120 533,1123 531,1124 530,1123 517,1116 516,1116 467,1113 466,1113 437,1114 437,1114 413,1125 398,1132 219,1133 209,1129 210,1153"/>
        <pc:Baseline points="210,1153 902,1146"/>
        <pc:TextEquiv index="0">
          <pc:Unicode>auf wir nach Kilwarlin zurückkehrten.</pc:Unicode>
        </pc:TextEquiv>
      </pc:TextLine>
      <pc:TextLine id="eSc_line_34a725eb" custom="structure {type:default;}">
        <pc:Coords points="213,1207 213,1229 230,1228 231,1228 232,1228 245,1219 276,1224 277,1224 303,1219 339,1227 340,1227 341,1227 342,1227 352,1220 389,1226 390,1226 444,1217 514,1223 515,1223 516,1223 517,1223 527,1216 544,1224 545,1224 546,1224 547,1224 572,1217 588,1226 589,1226 590,1226 591,1226 592,1226 593,1226 630,1215 672,1215 684,1224 685,1224 686,1224 687,1224 687,1224 708,1217 734,1224 736,1224 737,1225 791,1225 791,1224 792,1224 795,1223 808,1218 818,1223 821,1224 822,1224 822,1224 823,1224 827,1223 849,1214 866,1214 876,1222 877,1223 878,1223 879,1223 880,1223 926,1221 926,1201 921,1165 900,1179 869,1179 846,1167 845,1167 844,1167 818,1173 800,1166 797,1165 796,1165 795,1165 794,1165 793,1165 792,1166 775,1177 750,1180 718,1180 691,1167 689,1166 688,1166 687,1166 687,1166 682,1167 638,1179 616,1179 594,1168 593,1167 592,1167 591,1167 583,1168 549,1172 506,1168 499,1168 498,1168 497,1168 496,1168 474,1176 445,1169 441,1168 440,1168 439,1168 438,1168 437,1168 437,1169 414,1184 314,1184 298,1174 297,1174 296,1174 212,1171 213,1207"/>
        <pc:Baseline points="213,1207 926,1201"/>
        <pc:TextEquiv index="0">
          <pc:Unicode>Zwey oder drey Meilen abgerechnet, muß⸗</pc:Unicode>
        </pc:TextEquiv>
      </pc:TextLine>
      <pc:TextLine id="eSc_line_09adfbf7" custom="structure {type:default;}">
        <pc:Coords points="208,1263 209,1278 232,1271 270,1271 279,1277 281,1278 282,1278 283,1278 284,1278 285,1278 286,1278 289,1277 296,1271 302,1276 303,1277 304,1277 305,1277 306,1277 307,1277 309,1276 322,1270 362,1270 373,1275 381,1278 382,1278 383,1278 427,1274 437,1280 437,1280 438,1280 439,1280 440,1280 458,1273 464,1270 469,1272 479,1278 480,1278 481,1278 482,1278 499,1272 510,1268 520,1271 557,1282 558,1282 559,1282 644,1281 645,1281 645,1281 651,1276 666,1280 666,1280 667,1280 668,1280 669,1280 685,1269 696,1274 697,1274 697,1274 729,1267 747,1279 748,1279 749,1279 750,1280 774,1280 774,1279 775,1279 796,1268 827,1267 853,1278 854,1278 854,1278 855,1278 874,1268 914,1263 914,1256 911,1232 838,1236 822,1232 791,1224 790,1224 789,1224 788,1224 772,1232 764,1237 733,1237 723,1233 707,1225 706,1225 705,1225 704,1225 703,1225 692,1233 685,1237 644,1234 643,1234 642,1234 641,1234 635,1239 595,1239 583,1234 561,1224 560,1224 559,1224 510,1225 509,1225 491,1234 488,1236 461,1234 411,1231 410,1231 371,1235 366,1235 365,1235 343,1226 343,1226 298,1226 297,1226 296,1226 295,1226 284,1236 272,1227 271,1227 270,1227 222,1227 221,1227 220,1227 208,1234 208,1263"/>
        <pc:Baseline points="208,1263 914,1256"/>
        <pc:TextEquiv index="0">
          <pc:Unicode>te ich den ganzen Weg zu Fuß machen. Jn</pc:Unicode>
        </pc:TextEquiv>
      </pc:TextLine>
      <pc:TextLine id="eSc_line_54c0d99e" custom="structure {type:default;}">
        <pc:Coords points="205,1302 206,1319 207,1339 226,1330 352,1334 353,1334 409,1327 433,1332 443,1335 444,1335 445,1335 446,1335 453,1332 468,1326 489,1331 503,1334 504,1334 505,1334 520,1330 530,1328 537,1330 549,1333 550,1333 551,1333 552,1333 560,1329 570,1324 596,1328 620,1331 621,1331 622,1331 635,1327 646,1323 668,1326 703,1330 704,1330 705,1330 706,1330 715,1325 718,1322 740,1324 803,1330 804,1330 852,1329 853,1329 879,1320 896,1328 897,1328 898,1328 899,1328 925,1319 925,1309 924,1286 875,1271 874,1271 873,1271 872,1271 871,1271 849,1287 792,1287 771,1275 770,1275 770,1275 769,1275 743,1277 742,1277 718,1288 681,1283 680,1283 679,1283 662,1288 632,1283 631,1283 593,1288 558,1276 557,1276 505,1276 504,1276 455,1277 454,1277 432,1287 419,1281 418,1281 417,1281 416,1281 394,1290 346,1281 345,1281 316,1286 315,1286 314,1286 304,1294 303,1295 279,1295 279,1294 251,1280 250,1280 224,1280 223,1280 222,1280 221,1280 207,1290 205,1302"/>
        <pc:Baseline points="206,1319 925,1309"/>
        <pc:TextEquiv index="0">
          <pc:Unicode>Kilwarlin blieb ich den Sontag über, u. hielt</pc:Unicode>
        </pc:TextEquiv>
      </pc:TextLine>
      <pc:TextLine id="eSc_line_86be6df6" custom="structure {type:default;}">
        <pc:Coords points="214,1375 214,1402 295,1400 296,1400 325,1391 354,1398 361,1400 362,1400 363,1400 364,1400 369,1398 385,1392 394,1397 395,1398 395,1398 396,1398 397,1399 444,1399 444,1398 445,1398 446,1398 449,1395 463,1387 518,1392 519,1392 520,1392 533,1386 551,1392 553,1392 554,1392 555,1392 556,1392 557,1392 558,1392 566,1384 615,1384 653,1389 694,1393 695,1393 696,1393 705,1389 726,1392 727,1392 728,1392 748,1385 760,1382 774,1384 806,1392 807,1392 831,1391 832,1391 854,1382 861,1380 906,1380 907,1362 905,1326 846,1328 845,1328 844,1328 814,1340 793,1330 785,1326 784,1326 783,1326 782,1326 781,1326 774,1330 753,1343 707,1343 675,1340 663,1335 649,1329 648,1329 647,1329 593,1330 593,1330 573,1338 566,1341 562,1339 550,1330 549,1330 548,1330 514,1330 513,1330 512,1330 478,1341 470,1344 466,1342 448,1334 447,1334 447,1334 389,1339 367,1333 366,1333 365,1333 349,1336 348,1336 347,1336 333,1347 330,1351 213,1351 214,1375"/>
        <pc:Baseline points="214,1375 907,1362"/>
        <pc:TextEquiv index="0">
          <pc:Unicode>die gewöhnlichen Verſam̅lungen. Den fol⸗</pc:Unicode>
        </pc:TextEquiv>
      </pc:TextLine>
      <pc:TextLine id="eSc_line_66b4571c" custom="structure {type:default;}">
        <pc:Coords points="838,1396 838,1423 913,1424 914,1396 914,1382 874,1374 873,1374 838,1378 838,1396"/>
        <pc:Baseline points="838,1396 914,1396"/>
        <pc:TextEquiv index="0">
          <pc:Unicode>gen⸗</pc:Unicode>
        </pc:TextEquiv>
      </pc:TextLine>
    </pc:TextRegion>
  </pc:Page>
</pc:PcGts>
