1000 1640
47 112 746 189 Berichte Engliſcher Gemeinen, 1804 u 1805.
742 124 806 175 125.
40 200 728 261 〚mit〛Frau zu Hauſe zu genießen, glaubte aber
37 252 731 309 doch nichts weniger, als daß dies der letzte Beſuch
40 306 731 369 ſeyn würde. Nachmittags fuhr der Kranke auf
38 358 739 419 den Rath des Arztes bey ſchönem Wetter mit ſei⸗
41 413 737 471 ner Frau u einer andern Schweſter ſpazieren.
39 469 741 532 Während der erſten Stunde ſchien ihm die friſche
43 522 742 586 Luft gut zuzuſagen.  Alsdan̅ aber klagte er über
44 581 743 636 Schwere im Magen, ſein Anſehen veränderte ſich,
46 633 737 694 u ſein Blick wurde ſtarr. Seine Frau u die
45 686 740 744 andre Schweſter glaubten, er werde von einer
48 743 747 800 Ohnmacht befallen, und da er vorwärts ſank, rich⸗
46 797 740 851 teten ſie ihn mit vieler Mühe wieder in die
52 850 752 907 Höhe. Jetzt blickte er ſie noch einmal an, kon̅te
51 904 746 962 aber kein Wort mehr ſprechen, u nach wenigen
53 957 749 1019 Athemzügen verſchied er ganz ſanft. Bey ſeinem
55 1012 752 1068 Begräbniß am darauf folgenden Son̅tag waren
61 1063 735 1121 gegen 500 Perſonen gegenwärtig, welche die
56 1118 756 1172 Leichenrede mit vieler Aufmerkſamkeit anhörten.
127 1168 755 1224 Am 10ten Sept. 1804 entſchlief in Bedford
57 1219 744 1276 die verheir. Schw. Bryant. Sie war Tages zuvor
58 1269 767 1327 von einer geſunden Tochter entbunden worden,
61 1318 768 1388 befand ſich aber nach ihrer Niederkunft ſo ſchwach,
687 1379 747 1444 daß
