1000 1617
163 78 176 121 8.
158 133 911 194 uns, daß wir in unſern Dingen nicht richtig
153 176 910 233 u. zuſam̅enhängend ſind, kriegen, ſondern
151 216 918 280 daß uns die Gnade u. der Geiſt Jeſu Chriſti
149 264 915 320 regiert in allen unſern Handlungen u. daß
151 303 903 359 das Marterbild Jeſu, daß der Man̅ wie
153 353 911 405 Er auf Erden war, in allen unſern Ge⸗
153 394 912 452 danken, Worten u. Handlungen ſich repræ⸗
151 443 906 501 ſentirt u. wie es der Apoſtel ausdrückt,
152 489 318 550 ſpiegelt.
151 530 917 592 Dazu wird freyl. erfordert, daß wir erſt
153 579 872 636 müßen ſolche Leute werden, daß, wie
152 627 878 682 Er war, auch wir ſind in dieſer Welt.
154 671 882 732 Darnach kom̅en auch dieſelben Pflichten,
150 720 909 777 die andere Leute für große wichtige Ord⸗
150 767 906 824 nungen u. Formen anſehen; wir aber für
150 812 874 875 nichts anders als Früchte u. Seligkeiten,
149 858 922 923 die aus dem Verdienſt der Wunden u. aus
150 910 911 968 der vollgültigen Vergütung u. Wiederher⸗
150 957 911 1019 ſtellung des alten Ehe⸗Bundes Eph: 5ᵗ sind,
150 1005 924 1069 d〚as〛\en/ der Schöpfer mit der Seele aufgerichtet
150 1057 911 1112 hat, mit vieler Danckbarkeit gegen den l.
153 1101 904 1160 Heiland anſehen u. dencken : Daß ſo ein
151 1149 908 1209 Eheſtand iſt, haſt Du gewiß erworben, haſt
150 1194 731 1257 Du 〚gewiß〛 mit Blut erworben.
149 1244 930 1306 Jch muß dabey aufrichtig geſtehen, daß unſer
145 1297 901 1351 Stand, unser Amt, ein bisgen ſchwerer iſt,
149 1343 905 1404 als der Schwestern ihres, u. daß, wen̅ eine
799 1394 909 1454 Seele,
