1000 1617
787 71 843 117 13.
79 131 814 185 Jn unſers Herzens⸗Grunde, Dein Nam u.
73 173 782 227 Creuz allein funckle all' Zeit u. Stunde p
296 214 735 267 Predigt: Evang: Luc: 2,21.
79 254 849 312 Jch habe ſchon erwehnt, daß der Name Jeſus
74 299 817 353 ein Seligmacher heißt. Wen̅ wir also dieſe
79 341 834 401 für ein Menſchenherz unbeſchreiblich große
77 392 821 441 Sache miteinander betrachten wollen : ſo
76 431 809 487 haben wir dabey auf 3 Sachen unſere An⸗
76 477 840 541 dacht zu wenden. Den̅ daß Er der Seligmacher
80 522 499 583 iſt, das begreift in ſich:
74 565 829 635 1.) Daß Er der Erwerber; 2.) daß Er der Mit⸗
75 617 827 675 theiler u. 3.) daß er der Erhalter u. Vol⸗
74 664 580 724 lender unſrer Seligkeit ist.
76 707 793 768 Er ist der Erwerber unsrer Seligkeit.
76 757 825 809 Wir finden davon ſo viele ausdrückliche
80 794 819 858 Zeugniße in der heil. Schrift alten u.
78 843 829 903 neuen Teſtaments, daß wir nur die Biebel
77 892 831 956 aufſchlagen dürfen : ſo finden wir allent⸗
78 939 828 999 halben etwas dergleichen, daß uns auf die
77 986 793 1048 große Sache bringet, daß Jeſus uns die
77 1039 517 1091 Seligkeit erworben hat.
84 1079 811 1142 Es führt uns darauf daß Er vom Him̅el
79 1134 808 1182 kom̅en, Menſch worden, u. von Seiner
81 1171 823 1229 Geburt an, ein Man̅ des Schmerzens u. des
78 1219 799 1274 Leidens gewesen u. geblieben iſt, bis Er in
78 1265 830 1322 Seinem etlich u. dreyßigsten Jahr am Stam̅e
77 1308 823 1369 des Creuzes hat aufrufen können : Nun iſt
77 1356 796 1422 es vollbracht! Vater, ich empfehle meinen
735 1400 824 1460 Geiſt
