1000 1617
150 72 183 119 6.
156 128 915 187 auf das Modell ſehen, das uns in der Ehe
159 168 914 228 gezeigt iſt das iſt Er, unſer Haupt, unſer l.
159 214 918 275 〚Herr u.〛 Man̅ u. HErr, unſer Alles, der ge⸗
154 256 921 318 wollt hat, daß ein gewißer Theil der Menſchen
159 298 917 361 ſich der andern Menſchen annehmen, ihnen
154 341 924 406 die Hände geben u. ſie führen ſoll, u. den
155 384 927 451 ſich nach der Natur des Geſchlechts findenden
150 438 879 489 Mangel erſezen u. die Schwachheit ſtarck
152 479 899 534 machen ſoll, daß die Frau im Reiche des
155 519 920 583 Hlds. eben das kan durch Handreichung, durch
151 566 883 627 Unterſtüzung ihres Mannes ausrichten,
150 614 896 673 was ſie ſonſt alleine nicht thun könnte u.
150 659 901 722 ihr auch nicht anvertrauet würde. Aber
150 707 911 763 wie es in allen Dingen ſeine Ausnahme
151 747 916 812 hat : ſo kan̅ es auch ſolche Weibsleute ge⸗
149 794 918 856 ben, die außerordentlich vom Heiland aus⸗
150 839 920 905 gerüſtet ſind. Aber das ordinaire iſt, daß
150 886 918 948 dieſe Reben an was gebunden werden, daß
149 933 925 997 ſie einen ſichtbaren Stab kriegen, dran ſie
150 981 898 1045 ſich lehnen, daran ſie wachſen u. kleben
147 1034 590 1086 u. bringen Frucht dazu.
148 1075 911 1134 Wen̅ ſie nun Eins ſind, u. wen̅ dieſelben
148 1122 910 1188 zwey prieſterliche Leute, ihre Gemeine,
147 1173 910 1234 ihre Kinder, ihr Haus ſo ſeliglich u. Evange⸗
145 1221 917 1280 liſch beſorgen, wie es etwa ein Prieſter u.
146 1271 920 1328 Levite machen könnte im Heiligthum u. gehen
148 1316 917 1369 ſo aus u. ein vor dem Hld. mit einem ſol⸗
145 1360 913 1426 chen ganzen Herzen, daß Eines ſo die Schech⸗
