1000 1617
126 139 827 203 Der Gemein⸗Nachrichten 1774.
247 194 619 262 Erſte Woche. II.)
165 248 683 307 Enthält folgende 5 Stücke:
85 305 787 364 1.) Des ſeligen Jüngers Rede an die
86 348 844 407 Männer gehalten in Herrnhuth d. 5ᵗ Nov:
724 391 819 450 1754.
84 415 812 486 Das weibliche Geſchlecht ſtehet in einer
86 477 841 530 ganz ordinairen u. Regelmäßigen Situation.
82 525 847 579 Bey uns Männern aber iſt was dazu ge⸗
84 568 834 625 kom̅en. Die ledigen Man̅sleute haben
85 613 848 668 das Privilegium, daß ſie den Unterſchied
86 661 841 719 ihres Geſchlechts vergeßen dürfen, u. die
82 709 851 766 Wittwer können das, was ſie geweſen ſind,
84 755 835 811 dahinten laßen u. ſich wieder in die All⸗
87 802 855 860 gemeinheit der menſchlichen Creatur zurück
85 851 844 909 begeben; daher ich ſie allezeit zu den le⸗
86 898 851 956 digen Chören rechne, als Leute, die wieder
86 944 842 1001 kehren zu ihrer vorigen Freyheit u. Leich⸗
88 989 823 1047 tigkeit ihres Standes. Wir ſind hingegen
88 1033 837 1094 ein Chor, das einer doppelten Unterſtüz⸗
85 1083 822 1139 ung u. Gnade braucht, das ſich darauf
89 1130 852 1189 berufen muß: Wen Du ſchickſt, den mache
93 1179 833 1230 auch bereit, haſt Du mich in den Stand
91 1224 841 1283 berufen: ſo mache auch, daß ich Dir Ehre
95 1272 840 1331 darin ſeyn kan u. keine Schande, daß ich
90 1319 824 1376 den großen Zweck erhalten kan den Du
94 1364 529 1429 willſt erhalten haben.
727 1374 823 1433 Den̅,
805 71 844 118 1.
