1000 1617
154 69 189 114 12.
158 126 910 182 mit Seinem eigenen theuren Blut u. mit
156 169 911 223 Seinem unſchuldigen Leiden u. Sterben, auf
159 211 902 261 daß ich Sein eigen ſey, u. in Seinem Reich
157 258 903 300 unter Jhm lebe u. Jhm diene in ewiger
157 288 798 353 Gerechtigkeit, Unſchuld u. Seligkeit.
157 336 905 396 Gewiß, dieſes begreift die große Selig⸗
156 381 914 442 keit die wir nach der Abſicht unſers HErrn
155 430 909 489 Jeſu Chriſti in Zeit u. Ewigkeit genießen
152 476 910 529 können, u. die wir auch genießen werden,
156 521 913 575 wen̅ wir durch Seine Gnade an Jhn gläubig
158 565 891 624 worden ſind, u. in dieſer Gnade bis ans
158 613 431 666 Ende beharen.
155 654 913 715 Dieſes alles, das ich jezt als bekan̅t, vor⸗
155 703 899 759 aus ſeze u. das ſchon vielmals an dieſer
154 749 907 805 Stätte erklärt u. bezeugt worden, haben
155 795 858 853 wir dem Seligmacher Jeſu zu dancken,
154 841 912 906 deßen Name uns im heutigen Evangelio ſo
152 890 755 947 nachdrücklich ans Herz gelegt wird.
146 936 915 998 Weil wirs alſo dem HErrn Jeſu, dem Selig⸗
150 987 914 1043 macher zu zuſchreiben haben, daß wir ver⸗
149 1031 911 1086 lorne u. verdamte Menſchen die Seligkeit
149 1080 911 1131 erlangen können : ſo wollen wir 〚uns in ei⸗〛
150 1126 922 1183 die gegenwärtige Zeit dazu anwenden, Seinen
150 1172 850 1228 Namen mit einander zu betrachten.
152 1220 911 1274 Ehe wir uns aber dazu wenden : ſo wollen
149 1266 918 1322 wir uns in einem ſtillen Gebet, Seine Gnade
148 1313 911 1370 u. Segen dazu ausbitten, nachdem wir noch
148 1362 918 1420 vorher werden mit einander geſungen haben:
838 1403 900 1451 Jn
914 1568 931 1598 auh
