<?xml version="1.0" encoding="utf-8"?>
<pc:PcGts xmlns:pc="http://schema.primaresearch.org/PAGE/gts/pagecontent/2019-07-15" xmlns:xsi="http://www.w3.org/2001/XMLSchema-instance" xsi:schemaLocation="http://schema.primaresearch.org/PAGE/gts/pagecontent/2019-07-15 http://schema.primaresearch.org/PAGE/gts/pagecontent/2019-07-15/pagecontent.xsd" pcGtsId="GT-OCR-GN_1774_2__GN.A.170__6_9edec">
  <pc:Metadata externalRef="https://images.iiif.slub-dresden.de/iiif/2/data%2Fkitodo%2FNachaudeB_1766135978_1774_2%2FNachaudeB_1766135978_1774_2_tif%2Fjpegs%2F00000007.tif.medium.jpg/full/full/0/default.jpg">
    <pc:Creator>escriptorium</pc:Creator>
    <pc:Created>2024-01-26T15:03:50.525463Z</pc:Created>
    <pc:LastChange>2024-01-26T15:03:50.525480Z</pc:LastChange>
    <pc:MetadataItem type="processingStep" name="recognition/post-correction" value="ocrd-cor-asv-ann-join">
      <pc:Labels externalModel="ocrd-tool" externalId="parameters">
        <pc:Label value="False" type="add-filegrp-comments"/>
      </pc:Labels>
      <pc:Labels externalModel="ocrd-tool" externalId="version">
        <pc:Label value="0.1.14" type="ocrd-cor-asv-ann-join"/>
        <pc:Label value="2.60.2.dev0+gac1f15b3.d20240125" type="ocrd/core"/>
      </pc:Labels>
    </pc:MetadataItem>
  </pc:Metadata>
  <pc:Page imageFilename="6_9edec_default.jpg" imageWidth="1000" imageHeight="1616">
    <pc:TextRegion id="eSc_textblock_ecbe1f9d" custom="structure {type:text;}">
      <pc:Coords points="845,86 841,250 820,330 827,390 816,440 845,592 838,756 870,847 845,1034 845,1133 863,1223 849,1252 813,1260 827,1356 845,1364 856,1393 852,1428 676,1442 75,1439 68,175 79,143 805,132 799,86 812,75"/>
      <pc:TextLine id="eSc_line_4980a95b" custom="structure {type:default;}">
        <pc:Coords points="834,82 825,79 820,78 813,77 807,77 806,108 805,119 835,116 836,110 836,82 834,82"/>
        <pc:Baseline points="806,108 836,110"/>
        <pc:TextEquiv index="0">
          <pc:Unicode>3.</pc:Unicode>
        </pc:TextEquiv>
        <pc:TextEquiv conf="0.9993" index="1">
          <pc:Unicode>3.</pc:Unicode>
        </pc:TextEquiv>
      </pc:TextLine>
      <pc:TextLine id="eSc_line_ba1fbd7a" custom="structure {type:default;}">
        <pc:Coords points="686,133 677,134 668,134 659,134 650,134 641,134 632,134 623,134 614,135 605,135 601,135 581,140 521,136 515,136 506,136 497,137 488,137 479,137 470,137 461,137 452,137 443,137 434,138 425,138 416,138 415,138 395,145 370,139 362,139 353,139 345,139 336,139 334,139 306,147 271,147 262,140 255,140 246,140 237,140 228,140 221,140 219,140 210,140 201,140 192,141 183,141 174,141 165,141 163,141 148,147 132,141 129,142 120,142 111,142 104,142 97,148 77,148 75,150 76,172 76,181 126,194 127,194 128,194 129,194 160,182 165,180 250,180 265,184 283,188 284,188 285,188 305,184 327,179 352,184 355,184 356,184 357,184 358,184 367,180 433,184 433,184 523,179 537,186 548,192 548,192 549,193 577,193 577,192 578,192 579,192 587,187 594,183 607,187 619,191 619,191 620,191 742,190 743,190 746,188 770,178 828,189 829,166 827,143 759,143 733,136 732,136 731,136 730,136 729,136 720,141 690,133 686,133"/>
        <pc:Baseline points="76,172 829,166"/>
        <pc:TextEquiv index="0">
          <pc:Unicode>es gibt keinen Man̅ der nicht zugleich ein</pc:Unicode>
        </pc:TextEquiv>
        <pc:TextEquiv conf="0.9964" index="1">
          <pc:Unicode>es gibt keinen Man̅ der nicht zugleich ein</pc:Unicode>
        </pc:TextEquiv>
      </pc:TextLine>
      <pc:TextLine id="eSc_line_e696cd1f" custom="structure {type:default;}">
        <pc:Coords points="77,215 77,231 177,230 188,228 232,221 240,228 243,229 244,229 245,229 246,230 266,230 266,229 267,229 274,227 290,219 327,220 336,225 342,228 343,228 344,228 345,228 345,228 345,227 348,225 353,219 386,219 399,223 411,228 412,228 413,228 438,222 461,218 477,218 480,221 483,223 483,224 484,224 485,224 486,224 486,224 497,221 509,218 524,220 537,222 538,222 571,219 571,209 570,188 552,188 531,175 530,175 530,175 529,175 528,175 512,182 498,180 497,180 496,180 495,180 495,181 487,188 487,189 452,189 451,188 433,176 432,176 431,176 360,176 359,176 358,176 345,183 305,177 304,177 303,177 286,184 259,179 258,179 257,179 256,179 240,189 237,191 222,189 178,183 177,183 176,183 176,183 166,189 161,193 121,193 115,189 104,180 103,180 102,180 85,180 84,180 83,180 82,180 82,181 76,186 77,215"/>
        <pc:Baseline points="77,215 323,209 571,209"/>
        <pc:TextEquiv index="0">
          <pc:Unicode>Prieſter Gottes ſeyn ſoll.</pc:Unicode>
        </pc:TextEquiv>
        <pc:TextEquiv conf="0.9892" index="1">
          <pc:Unicode>Prieſter Gottes ſeyn ſoll.</pc:Unicode>
        </pc:TextEquiv>
      </pc:TextLine>
      <pc:TextLine id="eSc_line_68fbc748" custom="structure {type:default;}">
        <pc:Coords points="74,273 143,263 203,272 209,272 210,272 214,271 253,264 299,270 305,270 306,270 307,270 308,270 308,269 319,262 344,269 345,269 346,269 347,269 348,269 350,269 378,261 405,264 406,264 407,264 417,260 464,263 465,263 493,259 518,265 525,267 526,267 527,268 552,268 552,267 553,267 554,267 557,264 563,259 581,263 582,263 583,263 584,263 603,259 725,262 758,262 759,262 760,262 761,262 761,261 769,255 791,260 805,263 805,263 827,259 828,247 825,225 788,225 787,225 763,211 762,211 761,211 732,217 720,212 719,212 718,212 717,212 691,225 687,228 650,228 645,225 617,215 616,215 615,215 614,215 605,219 553,214 552,214 501,219 500,219 488,226 481,230 406,230 399,226 387,217 386,217 385,217 384,217 332,218 331,218 311,227 300,232 277,232 257,232 250,227 239,219 238,219 238,219 237,219 168,222 168,222 156,227 140,234 120,227 103,221 102,221 101,221 100,221 99,221 90,228 85,230 74,228 74,257 74,273"/>
        <pc:Baseline points="74,257 828,247"/>
        <pc:TextEquiv index="0">
          <pc:Unicode>Vor dieſem hatte man beſondere Orte wo</pc:Unicode>
        </pc:TextEquiv>
        <pc:TextEquiv conf="0.997" index="1">
          <pc:Unicode>Vor dieſem hatte man beſondere Orte wo</pc:Unicode>
        </pc:TextEquiv>
      </pc:TextLine>
      <pc:TextLine id="eSc_line_418611f5" custom="structure {type:default;}">
        <pc:Coords points="74,300 74,309 159,315 160,315 161,315 176,309 184,307 191,309 196,312 197,312 198,312 217,309 234,307 254,309 278,312 279,312 297,309 321,306 339,309 355,313 356,313 391,309 435,305 443,309 449,312 450,312 451,312 451,312 461,309 482,303 569,303 578,309 579,310 580,310 581,310 582,311 600,311 600,310 610,309 664,302 688,307 689,307 690,307 742,302 761,308 762,308 763,309 801,309 801,294 798,261 775,269 764,262 755,254 754,254 753,254 752,254 752,254 734,260 715,254 714,254 713,254 712,254 711,254 699,263 698,263 696,263 679,257 678,257 610,255 609,255 608,255 588,263 557,260 556,260 555,260 554,260 544,266 535,272 526,266 505,256 504,256 504,256 384,257 383,257 382,257 361,270 354,274 325,274 321,271 309,263 309,263 308,263 307,263 306,263 291,271 279,262 278,262 277,262 258,262 257,262 203,273 199,275 73,276 74,300"/>
        <pc:Baseline points="74,300 461,292 801,294"/>
        <pc:TextEquiv index="0">
          <pc:Unicode>man anbetete. Jeruſalem iſt der Ort</pc:Unicode>
        </pc:TextEquiv>
        <pc:TextEquiv conf="0.9754" index="1">
          <pc:Unicode>man anbetete. Jeruſalem iſt der Ort</pc:Unicode>
        </pc:TextEquiv>
      </pc:TextLine>
      <pc:TextLine id="eSc_line_d3b79d9a" custom="structure {type:default;}">
        <pc:Coords points="74,343 74,355 115,359 116,359 117,359 127,355 130,354 133,355 152,360 153,360 154,360 155,360 173,354 177,353 180,354 186,359 187,359 188,359 189,359 227,354 236,353 247,354 298,358 299,358 344,352 365,351 376,352 402,358 403,358 404,358 417,352 424,350 439,351 470,357 471,357 472,357 473,357 479,352 590,355 591,355 592,355 604,351 611,348 666,350 725,351 726,351 727,351 728,351 731,349 734,347 741,349 754,352 755,352 756,352 797,348 798,335 796,314 778,313 765,302 764,302 763,302 762,302 733,304 732,304 731,304 720,311 696,302 695,302 694,302 597,305 596,305 584,310 568,303 567,303 566,303 529,304 528,304 527,304 512,316 487,316 485,316 469,307 468,307 467,307 430,305 429,305 428,305 427,305 420,309 407,305 406,305 405,305 404,305 403,305 383,318 369,318 357,309 356,309 355,309 320,306 319,306 318,306 276,317 262,312 261,312 260,312 259,312 232,319 113,316 112,316 73,321 74,343"/>
        <pc:Baseline points="74,343 423,337 798,335"/>
        <pc:TextEquiv index="0">
          <pc:Unicode>wo man anbeten ſoll, heißt es in den</pc:Unicode>
        </pc:TextEquiv>
        <pc:TextEquiv conf="0.9869" index="1">
          <pc:Unicode>wo man anbeten ſoll, heißt es in den</pc:Unicode>
        </pc:TextEquiv>
      </pc:TextLine>
      <pc:TextLine id="eSc_line_d4f0ea2e" custom="structure {type:default;}">
        <pc:Coords points="75,407 181,406 182,406 185,405 221,395 285,395 305,404 306,404 307,404 308,404 331,395 362,400 363,400 364,400 378,394 434,399 435,399 436,399 437,399 447,393 465,393 490,401 498,403 499,403 500,403 520,400 545,396 559,399 572,402 573,402 574,402 584,399 609,391 632,398 636,399 637,399 637,399 638,399 642,398 663,390 693,396 694,396 734,391 743,396 748,399 749,399 750,399 751,399 752,399 761,395 777,390 791,395 796,397 797,397 798,397 812,395 813,381 811,357 778,350 777,350 776,350 754,356 752,357 751,356 724,345 723,345 663,345 663,345 662,345 639,353 626,346 625,346 624,346 591,351 578,347 577,347 576,347 575,347 575,347 562,356 555,360 513,361 500,361 492,355 485,350 484,350 483,350 482,350 481,350 469,355 458,361 372,361 360,355 351,351 350,351 323,350 322,350 321,350 308,355 284,364 247,364 230,354 224,351 223,351 222,351 191,354 172,356 168,354 161,351 160,351 159,351 159,351 152,354 129,365 111,354 109,352 108,352 107,352 106,352 106,352 99,354 87,358 75,354 75,392 75,407"/>
        <pc:Baseline points="75,392 371,383 813,381"/>
        <pc:TextEquiv index="0">
          <pc:Unicode>Propheten. Da waren gewiße Leute be⸗</pc:Unicode>
        </pc:TextEquiv>
        <pc:TextEquiv conf="0.9954" index="1">
          <pc:Unicode>Propheten. Da waren gewiße Leute be⸗</pc:Unicode>
        </pc:TextEquiv>
      </pc:TextLine>
      <pc:TextLine id="eSc_line_6cb8b43e" custom="structure {type:default;}">
        <pc:Coords points="76,441 76,452 139,446 150,451 150,451 151,451 152,451 201,450 202,450 203,450 218,443 254,448 259,449 260,449 265,448 292,443 346,447 349,447 350,447 352,447 387,439 431,444 432,444 433,444 454,438 477,438 487,444 488,444 489,444 490,444 491,444 492,444 502,437 769,438 769,425 767,400 753,402 751,400 743,394 742,394 741,394 740,394 711,399 678,391 677,391 676,391 596,392 595,392 569,404 567,405 507,406 505,405 485,395 484,395 464,395 463,395 462,395 434,407 431,409 378,409 374,408 343,397 342,397 318,397 318,397 317,397 316,397 304,406 287,398 286,398 285,398 284,398 265,403 231,399 230,399 230,399 229,399 212,412 211,413 191,413 190,412 179,404 178,404 177,404 176,404 176,404 175,404 161,412 159,413 154,413 114,409 113,409 74,414 76,441"/>
        <pc:Baseline points="76,441 299,431 769,425"/>
        <pc:TextEquiv index="0">
          <pc:Unicode>ſtim̅t, die waren im̅er im Anbeten.</pc:Unicode>
        </pc:TextEquiv>
        <pc:TextEquiv conf="0.9893" index="1">
          <pc:Unicode>ſtim̅t, die waren im̅er im Anbeten.</pc:Unicode>
        </pc:TextEquiv>
      </pc:TextLine>
      <pc:TextLine id="eSc_line_a8cd913b" custom="structure {type:default;}">
        <pc:Coords points="73,487 73,500 141,491 173,496 174,496 236,488 249,492 250,492 251,492 335,486 345,492 345,492 346,492 347,492 348,492 377,485 421,491 428,491 429,491 430,491 433,491 460,483 495,489 520,492 521,492 558,491 559,491 568,486 573,484 578,486 591,491 592,491 592,491 593,491 594,491 601,485 607,482 646,484 707,488 707,488 784,485 785,485 803,479 803,470 800,436 711,443 703,438 696,432 695,432 694,432 693,432 692,432 672,439 665,441 659,439 641,432 640,432 639,432 587,434 586,434 557,442 555,442 553,442 521,437 520,437 519,437 503,443 499,445 493,444 460,437 460,437 319,439 318,439 318,439 304,448 300,452 283,449 233,441 232,441 231,441 230,441 216,451 212,455 128,456 123,454 113,450 112,450 111,450 110,450 109,450 109,451 105,454 102,456 72,456 73,487"/>
        <pc:Baseline points="73,487 407,474 803,470"/>
        <pc:TextEquiv index="0">
          <pc:Unicode>Sie werden auch darüber gelobt daß ſie</pc:Unicode>
        </pc:TextEquiv>
        <pc:TextEquiv conf="0.9791" index="1">
          <pc:Unicode>Sie werden auch darüber gelobt daß ſie</pc:Unicode>
        </pc:TextEquiv>
      </pc:TextLine>
      <pc:TextLine id="eSc_line_5a0483f8" custom="structure {type:default;}">
        <pc:Coords points="75,527 75,537 92,541 93,541 94,541 102,537 107,535 110,537 116,543 117,543 118,543 119,543 150,537 153,537 155,537 176,544 177,544 178,544 179,544 198,537 207,535 220,537 230,539 231,539 232,539 238,537 246,534 251,537 256,540 256,540 257,540 258,540 259,540 268,537 280,532 384,532 393,536 399,541 400,541 401,541 402,542 427,542 427,541 428,541 438,536 447,532 486,535 486,535 487,535 501,529 537,535 538,535 539,535 553,529 570,535 576,538 577,538 578,539 604,539 604,538 616,535 652,527 681,534 681,534 682,534 699,526 720,535 721,535 722,535 723,535 801,535 801,517 798,487 737,488 724,482 723,482 722,482 721,482 697,488 663,483 663,483 621,491 602,494 598,491 588,484 587,484 586,484 566,484 565,484 564,484 563,484 552,492 548,495 507,495 503,493 490,485 489,485 488,485 487,485 433,486 432,486 414,495 410,497 401,495 382,492 381,492 380,492 371,496 366,499 309,499 302,498 259,489 258,489 257,489 256,489 245,499 243,500 210,500 209,500 194,491 193,491 192,491 191,491 139,496 120,491 119,491 118,491 117,491 116,491 102,500 74,502 75,527"/>
        <pc:Baseline points="75,527 460,519 801,517"/>
        <pc:TextEquiv index="0">
          <pc:Unicode>nicht vom Tempel gekom̅en Tag u. Nacht.</pc:Unicode>
        </pc:TextEquiv>
        <pc:TextEquiv conf="0.9686" index="1">
          <pc:Unicode>nicht vom Tempel gekom̅en Tag u. Nacht⸗</pc:Unicode>
        </pc:TextEquiv>
      </pc:TextLine>
      <pc:TextLine id="eSc_line_ddd5a41c" custom="structure {type:default;}">
        <pc:Coords points="831,533 765,527 764,527 763,527 739,535 734,536 733,535 720,527 719,527 718,527 717,527 716,527 701,535 697,538 658,541 650,536 637,529 636,529 635,529 634,529 633,529 620,537 612,543 595,543 587,538 572,530 571,530 535,530 534,530 454,532 453,532 452,532 442,541 434,546 262,549 253,544 241,536 240,536 239,536 238,536 209,537 208,537 190,545 177,551 153,546 130,542 129,542 112,545 105,540 104,540 103,540 102,540 101,540 73,547 74,574 74,584 153,581 159,584 165,588 166,588 167,588 168,589 200,589 200,588 201,588 210,584 218,579 236,583 241,584 242,584 268,583 386,576 429,580 452,583 453,583 454,583 460,580 471,575 494,579 495,579 495,579 508,574 562,576 563,576 584,571 663,577 664,577 665,577 677,571 709,577 710,577 711,577 713,577 753,572 832,575 834,558 832,539 831,533"/>
        <pc:Baseline points="74,574 834,558"/>
        <pc:TextEquiv index="0">
          <pc:Unicode>Aber für ordinair glaubte man, daß ein</pc:Unicode>
        </pc:TextEquiv>
        <pc:TextEquiv conf="0.992" index="1">
          <pc:Unicode>Aber für ordinair glaubte man, daß ein</pc:Unicode>
        </pc:TextEquiv>
      </pc:TextLine>
      <pc:TextLine id="eSc_line_cda1a2fe" custom="structure {type:default;}">
        <pc:Coords points="73,621 73,636 94,638 95,638 96,638 103,636 143,625 186,635 193,636 194,637 237,637 237,636 247,634 297,623 388,632 400,633 401,633 402,633 406,632 435,621 477,621 505,631 508,632 509,632 510,632 511,632 514,631 548,621 578,626 579,626 580,626 600,619 634,619 645,625 646,625 646,625 647,625 648,625 677,617 692,622 693,622 694,622 730,615 751,623 752,623 752,623 753,623 763,620 773,627 774,627 775,627 776,627 834,626 834,608 831,570 810,577 796,571 795,571 794,571 793,571 792,571 770,583 707,574 681,570 681,570 680,570 671,575 654,585 620,585 606,577 603,576 602,576 601,576 601,576 600,576 598,578 586,585 561,588 452,589 438,589 426,583 410,575 409,575 408,575 274,582 235,578 234,578 233,578 232,578 216,589 215,590 211,589 202,588 201,588 200,588 190,590 178,593 164,591 96,580 95,580 94,580 72,592 73,621"/>
        <pc:Baseline points="73,621 133,616 619,606 834,608"/>
        <pc:TextEquiv index="0">
          <pc:Unicode>Mann ſeine Handthierung abwarten müße,</pc:Unicode>
        </pc:TextEquiv>
        <pc:TextEquiv conf="0.9675" index="1">
          <pc:Unicode>Mann ſeine Handthierung abwarten müßen</pc:Unicode>
        </pc:TextEquiv>
      </pc:TextLine>
      <pc:TextLine id="eSc_line_5ad9f594" custom="structure {type:default;}">
        <pc:Coords points="77,666 78,679 88,674 105,678 110,680 111,680 112,680 123,678 153,673 194,673 202,676 207,679 208,679 209,679 210,679 219,676 238,671 247,676 256,680 257,680 258,681 281,681 281,680 282,680 283,680 288,676 295,669 372,669 381,674 388,676 389,676 427,677 428,677 429,677 430,677 436,672 443,667 477,672 509,676 510,676 531,670 552,666 596,666 605,669 617,674 618,674 619,674 706,672 707,672 717,667 726,663 737,667 738,667 739,667 741,667 765,662 775,666 787,671 787,671 788,671 789,671 790,671 796,666 800,663 817,665 818,651 814,617 773,631 739,631 725,623 725,623 724,623 691,631 672,622 672,622 671,622 630,623 629,623 610,632 573,622 572,622 571,622 570,622 506,627 443,623 434,623 433,623 433,623 431,623 396,636 301,639 290,632 289,632 288,632 287,632 286,632 277,641 210,641 189,628 188,628 187,628 186,628 185,628 185,628 169,640 115,642 100,632 99,632 98,632 76,631 77,666"/>
        <pc:Baseline points="77,666 382,656 818,651"/>
        <pc:TextEquiv index="0">
          <pc:Unicode>u. wen̅ er ja nach Jeruſalem ginge : ſo</pc:Unicode>
        </pc:TextEquiv>
        <pc:TextEquiv conf="0.9932" index="1">
          <pc:Unicode>u. wen̅ er ja nach Jeruſalem ginge : ſo</pc:Unicode>
        </pc:TextEquiv>
      </pc:TextLine>
      <pc:TextLine id="eSc_line_1961a89c" custom="structure {type:default;}">
        <pc:Coords points="78,707 78,716 86,721 87,721 88,721 88,722 166,722 166,721 167,721 184,713 186,712 192,713 229,720 230,720 230,720 240,716 267,720 268,720 269,720 270,720 278,712 280,711 287,712 310,717 311,717 383,712 384,712 386,712 449,719 450,719 451,719 451,719 463,711 468,710 504,710 508,711 516,715 517,715 518,715 519,715 520,715 525,711 527,710 532,711 544,714 545,714 546,714 562,711 573,709 576,711 584,716 585,716 586,716 587,716 588,716 589,716 596,711 599,709 610,711 626,713 627,713 658,711 685,708 691,710 706,716 707,716 707,716 736,710 747,708 758,710 789,715 790,715 835,709 836,701 835,678 823,678 806,667 805,667 805,667 804,667 768,672 723,667 722,667 721,667 701,676 665,667 664,667 663,667 663,667 662,667 647,678 634,678 620,668 619,668 619,668 618,668 561,679 546,669 545,669 544,669 510,669 509,669 508,669 491,676 482,670 481,670 480,670 435,670 434,670 433,670 433,670 414,682 336,682 321,671 320,671 319,671 295,671 294,671 293,671 270,683 270,684 266,684 185,684 169,674 168,674 168,674 167,674 166,674 165,674 157,679 124,676 123,676 123,676 122,676 110,685 77,685 78,707"/>
        <pc:Baseline points="78,707 493,700 836,701"/>
        <pc:TextEquiv index="0">
          <pc:Unicode>müſte er ſich bey dem Prieſter u. Leviten</pc:Unicode>
        </pc:TextEquiv>
        <pc:TextEquiv conf="0.9988" index="1">
          <pc:Unicode>müſte er ſich bey dem Prieſter u. Leviten</pc:Unicode>
        </pc:TextEquiv>
      </pc:TextLine>
      <pc:TextLine id="eSc_line_d21a071b" custom="structure {type:default;}">
        <pc:Coords points="73,754 73,764 134,771 135,771 136,771 155,763 159,762 173,763 226,767 227,767 228,767 246,762 249,761 254,762 281,767 282,767 325,761 336,759 341,761 357,767 358,767 359,767 395,760 404,758 412,760 446,766 447,766 473,761 480,765 481,765 482,765 483,765 528,764 529,764 541,758 545,755 588,755 593,757 605,762 606,762 607,762 608,762 609,762 616,757 619,755 648,755 650,756 659,763 660,763 661,763 662,764 697,764 697,763 698,763 699,763 707,755 711,754 724,755 744,758 745,758 823,754 823,743 820,722 787,722 787,722 767,714 766,714 725,711 724,711 723,711 695,724 694,724 693,724 672,712 671,712 670,712 642,719 628,712 627,712 594,712 593,712 592,712 566,720 551,713 550,713 517,713 516,713 515,713 514,713 496,727 479,714 478,714 477,714 447,714 446,714 445,714 411,728 410,728 402,728 383,728 365,716 364,716 363,716 332,716 331,716 330,716 294,729 293,730 222,730 221,730 169,719 168,719 168,719 126,732 123,733 72,733 73,754"/>
        <pc:Baseline points="73,754 823,743"/>
        <pc:TextEquiv index="0">
          <pc:Unicode>melden, u. ſich in ihr Gebet befehlen</pc:Unicode>
        </pc:TextEquiv>
        <pc:TextEquiv conf="0.9879" index="1">
          <pc:Unicode>melden, u. ſich in ihr Gebet befehlen</pc:Unicode>
        </pc:TextEquiv>
      </pc:TextLine>
      <pc:TextLine id="eSc_line_963f2304" custom="structure {type:default;}">
        <pc:Coords points="76,800 76,808 84,813 85,813 86,813 110,808 111,808 112,808 128,813 129,813 130,813 154,809 206,817 207,817 208,817 223,809 256,808 271,814 272,814 339,816 340,816 341,816 342,816 353,807 357,803 431,803 437,807 444,811 445,811 446,811 447,811 448,811 449,811 455,807 459,803 527,803 532,806 540,812 541,812 542,812 543,812 566,809 566,809 567,809 571,806 578,800 627,800 637,806 648,811 649,811 650,811 709,810 710,810 719,806 730,799 745,806 752,808 752,808 753,808 754,808 759,806 766,801 776,806 781,808 782,808 783,808 808,805 808,792 806,770 758,770 739,760 738,760 737,760 736,760 735,760 721,770 719,772 682,772 681,771 666,760 665,760 664,760 663,760 637,763 624,757 623,757 622,757 621,757 605,764 555,759 554,759 553,759 552,759 536,772 533,774 519,774 516,772 499,759 498,759 497,759 472,759 471,759 470,759 435,771 416,767 415,767 415,767 414,767 404,773 400,775 388,775 386,773 369,761 368,761 367,761 341,761 340,761 304,767 274,762 273,762 272,762 249,774 235,765 234,765 233,765 232,765 231,765 211,775 205,779 154,779 149,776 120,764 119,764 118,764 117,764 75,776 76,800"/>
        <pc:Baseline points="76,800 534,791 808,792"/>
        <pc:TextEquiv index="0">
          <pc:Unicode>u. an ihr Räuchwerck u. Gebet ſich an⸗</pc:Unicode>
        </pc:TextEquiv>
        <pc:TextEquiv conf="0.9913" index="1">
          <pc:Unicode>u. an ihr Räuchwerck u. Gebet ſich an⸗</pc:Unicode>
        </pc:TextEquiv>
      </pc:TextLine>
      <pc:TextLine id="eSc_line_e196fe6e" custom="structure {type:default;}">
        <pc:Coords points="79,846 80,866 105,860 135,865 146,866 147,866 159,864 215,852 247,861 256,864 257,864 258,865 283,865 283,864 371,862 371,862 372,862 380,857 386,854 415,856 416,856 417,856 418,856 433,850 491,854 510,855 511,855 512,855 516,853 526,850 545,852 553,853 554,853 555,853 556,853 557,852 564,847 622,847 640,850 671,854 672,854 672,854 693,848 700,846 706,848 730,857 731,857 732,857 733,857 734,857 744,849 762,854 763,854 764,854 765,854 778,848 796,857 797,857 798,858 816,858 816,857 817,857 846,843 846,836 842,803 822,810 808,804 807,804 806,804 805,804 805,804 789,809 781,807 780,807 779,807 778,807 755,817 677,817 657,808 654,808 654,808 653,808 652,808 648,808 637,813 627,809 618,807 617,807 565,807 564,807 563,807 562,807 556,811 548,817 522,814 522,814 521,814 520,814 513,819 461,820 442,815 420,808 419,808 418,808 379,809 378,809 377,809 367,816 348,812 347,812 346,812 265,818 239,811 238,811 238,811 237,811 217,822 212,825 140,825 138,825 115,816 114,816 113,816 112,816 79,825 79,846"/>
        <pc:Baseline points="79,846 479,838 846,836"/>
        <pc:TextEquiv index="0">
          <pc:Unicode>hängen u. gleichſam nur ſein Amen dazu</pc:Unicode>
        </pc:TextEquiv>
        <pc:TextEquiv conf="0.9984" index="1">
          <pc:Unicode>hängen u. gleichſam nur ſein Amen dazu</pc:Unicode>
        </pc:TextEquiv>
      </pc:TextLine>
      <pc:TextLine id="eSc_line_97db9255" custom="structure {type:default;}">
        <pc:Coords points="82,895 82,911 171,908 206,900 262,904 263,904 294,899 312,905 313,905 314,905 345,901 361,907 362,907 362,907 363,907 380,899 471,904 472,904 473,904 492,897 507,901 508,901 509,901 535,896 557,903 558,903 559,903 592,896 607,906 608,906 609,906 610,906 616,906 719,899 734,904 735,904 736,904 737,904 749,897 759,902 760,902 761,902 828,899 859,904 860,886 856,854 845,862 820,862 808,855 796,849 795,849 765,849 764,849 763,849 743,857 728,863 701,863 690,858 678,850 677,850 676,850 655,850 654,850 654,850 633,859 624,863 617,860 603,851 602,851 601,851 580,851 579,851 578,851 557,860 549,864 539,860 513,851 513,851 512,851 413,852 380,853 379,853 345,865 341,866 338,865 321,855 320,855 300,854 299,854 298,854 297,854 281,866 280,867 277,866 253,858 252,858 251,858 250,858 221,867 219,869 134,869 116,860 115,860 115,860 114,860 113,860 99,869 81,869 82,895"/>
        <pc:Baseline points="82,895 403,887 860,886"/>
        <pc:TextEquiv index="0">
          <pc:Unicode>ſezen : Und alles Volck ſoll ſagen : Amen!</pc:Unicode>
        </pc:TextEquiv>
        <pc:TextEquiv conf="0.9809" index="1">
          <pc:Unicode>ſezen : Und alles Volck ſoll ſagen: Amen!</pc:Unicode>
        </pc:TextEquiv>
      </pc:TextLine>
      <pc:TextLine id="eSc_line_f720d1e8" custom="structure {type:default;}">
        <pc:Coords points="75,945 75,956 109,954 121,957 127,958 128,958 129,958 130,958 131,958 133,957 148,948 171,948 191,957 194,957 195,957 196,957 197,957 202,956 225,948 237,956 238,956 238,956 239,956 240,956 284,948 298,956 299,957 300,957 300,957 301,957 327,957 327,957 328,957 333,955 359,945 545,945 562,954 563,954 564,954 565,954 666,953 667,953 668,953 682,946 716,952 717,952 766,945 794,952 795,952 796,952 796,952 846,951 846,939 844,913 772,913 771,913 753,903 752,903 752,903 712,908 702,901 701,901 700,901 680,901 679,901 678,901 677,901 662,913 661,913 640,914 637,913 614,903 613,903 590,902 589,902 588,902 547,913 538,915 504,914 504,913 486,903 485,903 484,903 483,903 420,913 404,917 373,917 369,913 361,908 360,908 359,908 358,908 327,912 316,904 315,904 314,904 313,904 221,905 221,905 204,914 201,916 195,914 185,911 184,911 183,911 182,911 174,914 165,919 155,914 147,911 146,911 145,911 144,911 136,914 132,917 129,914 116,906 115,906 115,906 114,906 74,914 75,945"/>
        <pc:Baseline points="75,945 509,934 846,939"/>
        <pc:TextEquiv index="0">
          <pc:Unicode>Aber das Segnen war den Prieſtern eigen,</pc:Unicode>
        </pc:TextEquiv>
        <pc:TextEquiv conf="0.9858" index="1">
          <pc:Unicode>Aber das Segnen war den Prieſtern eigen</pc:Unicode>
        </pc:TextEquiv>
      </pc:TextLine>
      <pc:TextLine id="eSc_line_bb80db2a" custom="structure {type:default;}">
        <pc:Coords points="79,988 79,993 95,999 96,999 97,999 150,995 172,1003 173,1003 174,1003 221,994 224,994 230,994 264,998 265,998 265,998 266,998 270,995 272,993 282,995 318,1001 319,1001 320,1001 342,996 390,1001 391,1001 414,996 429,992 485,996 550,1001 551,1001 552,1001 566,997 589,991 647,991 658,997 661,1000 662,1000 663,1000 663,1000 707,999 707,999 712,998 736,990 758,990 769,998 770,998 771,998 772,999 829,999 829,985 827,962 770,962 768,961 749,948 748,948 747,948 721,948 720,948 719,948 718,948 700,960 698,962 695,960 681,950 681,950 680,950 679,950 633,958 618,948 617,948 616,948 601,948 601,948 600,948 578,958 567,964 553,964 545,957 533,949 532,949 531,949 479,948 478,948 477,948 461,957 445,965 424,960 424,960 378,965 357,956 345,950 345,950 344,950 343,950 331,955 305,966 245,966 209,953 203,951 202,951 201,951 171,953 125,956 79,952 79,988"/>
        <pc:Baseline points="79,988 586,982 829,985"/>
        <pc:TextEquiv index="0">
          <pc:Unicode>u. wen̅ einmal ein König, der nicht zu⸗</pc:Unicode>
        </pc:TextEquiv>
        <pc:TextEquiv conf="0.9995" index="1">
          <pc:Unicode>u. wen̅ einmal ein König, der nicht zu⸗</pc:Unicode>
        </pc:TextEquiv>
      </pc:TextLine>
      <pc:TextLine id="eSc_line_83acc7ae" custom="structure {type:default;}">
        <pc:Coords points="81,1036 81,1053 115,1049 192,1053 201,1053 202,1053 203,1053 203,1053 217,1045 228,1052 228,1053 229,1053 230,1053 230,1053 265,1053 265,1053 265,1053 266,1053 267,1052 280,1044 301,1048 302,1048 303,1048 328,1041 387,1043 396,1050 397,1051 398,1051 398,1051 399,1051 405,1050 447,1041 522,1045 522,1045 642,1043 661,1047 672,1049 672,1049 673,1049 680,1046 699,1040 737,1045 738,1045 780,1042 791,1045 804,1050 805,1050 805,1050 831,1045 832,1030 831,992 804,995 803,995 802,995 790,1003 725,994 710,992 709,992 708,992 707,992 705,994 690,1005 653,1005 636,996 629,993 628,993 586,992 585,992 584,992 584,992 576,997 567,1003 552,998 540,993 539,993 539,993 538,993 526,998 510,1006 477,1006 466,1000 454,993 453,993 398,993 398,993 397,993 380,1001 371,1005 367,1001 356,993 355,993 354,993 324,993 323,993 322,993 321,993 312,1001 229,1003 199,998 198,998 160,1006 158,1006 157,1006 140,999 139,999 138,999 80,1007 81,1036"/>
        <pc:Baseline points="81,1036 326,1030 832,1030"/>
        <pc:TextEquiv index="0">
          <pc:Unicode>gleich Prophet war /: wie David u. Salomo :/</pc:Unicode>
        </pc:TextEquiv>
        <pc:TextEquiv conf="0.9773" index="1">
          <pc:Unicode>gleich Prophet war/: wie Zavio u. Salomoch</pc:Unicode>
        </pc:TextEquiv>
      </pc:TextLine>
      <pc:TextLine id="eSc_line_2cfefb51" custom="structure {type:default;}">
        <pc:Coords points="84,1085 84,1105 203,1092 225,1099 226,1099 253,1101 273,1102 274,1102 274,1102 280,1101 307,1093 321,1099 322,1099 323,1099 324,1099 325,1099 339,1090 357,1098 358,1098 359,1098 360,1098 371,1096 382,1098 394,1101 395,1101 396,1101 397,1101 407,1097 428,1091 448,1091 460,1097 469,1100 470,1100 471,1100 472,1100 473,1100 477,1097 483,1092 495,1096 502,1097 503,1097 504,1097 504,1097 509,1096 524,1089 552,1092 553,1092 597,1088 606,1093 613,1098 614,1098 615,1098 616,1098 637,1097 638,1097 639,1097 646,1092 654,1086 734,1086 741,1090 750,1097 751,1097 752,1097 752,1097 839,1088 839,1074 836,1049 695,1053 690,1051 671,1043 670,1043 589,1042 588,1042 587,1042 567,1053 565,1054 529,1054 525,1053 495,1043 495,1043 494,1043 493,1043 492,1043 473,1054 470,1056 451,1056 450,1054 435,1044 434,1044 433,1044 433,1044 365,1048 318,1045 318,1045 289,1050 252,1047 251,1047 250,1047 234,1053 192,1052 191,1052 190,1052 177,1058 113,1048 112,1048 111,1048 83,1059 84,1085"/>
        <pc:Baseline points="84,1085 337,1078 839,1074"/>
        <pc:TextEquiv index="0">
          <pc:Unicode>ſich in dieſelbe Prieſter⸗Sache mengen</pc:Unicode>
        </pc:TextEquiv>
        <pc:TextEquiv conf="0.9904" index="1">
          <pc:Unicode>ſich in dieſelbe Prieſter⸗Nche mengen</pc:Unicode>
        </pc:TextEquiv>
      </pc:TextLine>
      <pc:TextLine id="eSc_line_b32b7a7a" custom="structure {type:default;}">
        <pc:Coords points="81,1132 81,1145 117,1140 156,1144 157,1144 229,1140 239,1143 242,1144 243,1144 244,1144 245,1144 250,1143 271,1138 359,1141 407,1142 407,1142 408,1142 409,1142 413,1140 418,1137 450,1139 482,1141 483,1141 484,1141 485,1141 489,1139 492,1137 512,1138 557,1141 557,1141 558,1141 567,1137 574,1134 596,1136 633,1140 634,1140 635,1140 648,1135 655,1133 672,1135 713,1139 714,1139 737,1133 743,1132 752,1133 786,1138 787,1138 818,1132 819,1124 816,1088 793,1091 792,1091 791,1091 779,1100 759,1091 758,1091 722,1089 687,1089 686,1089 685,1089 684,1089 681,1090 677,1093 646,1091 641,1091 640,1091 639,1091 638,1091 607,1101 581,1093 574,1090 573,1090 508,1090 507,1090 506,1090 505,1090 499,1095 483,1104 449,1096 428,1091 427,1091 426,1091 415,1097 399,1106 291,1106 279,1099 273,1097 272,1097 271,1097 270,1097 262,1100 249,1106 189,1106 182,1102 173,1096 172,1096 171,1096 170,1096 141,1103 121,1107 80,1105 81,1132"/>
        <pc:Baseline points="81,1132 819,1124"/>
        <pc:TextEquiv index="0">
          <pc:Unicode>wollte : ſo war es ein Man̅ des Todes.</pc:Unicode>
        </pc:TextEquiv>
        <pc:TextEquiv conf="0.9945" index="1">
          <pc:Unicode>wollte : ſo war es ein Man̅ des Todes.</pc:Unicode>
        </pc:TextEquiv>
      </pc:TextLine>
      <pc:TextLine id="eSc_line_1b6cc913" custom="structure {type:default;}">
        <pc:Coords points="84,1180 84,1188 124,1191 150,1201 151,1201 152,1201 272,1199 273,1199 301,1188 308,1185 364,1185 371,1188 380,1194 381,1194 382,1194 408,1188 426,1185 433,1188 442,1193 443,1193 444,1193 468,1188 486,1184 573,1183 587,1188 604,1194 605,1194 606,1195 628,1195 628,1194 628,1194 641,1188 644,1186 651,1188 661,1190 662,1190 663,1190 663,1190 666,1188 671,1185 675,1188 683,1194 684,1194 685,1194 686,1194 700,1194 700,1194 701,1194 720,1188 743,1180 769,1180 778,1185 779,1185 780,1185 781,1185 782,1185 794,1180 809,1188 814,1190 814,1190 815,1190 839,1187 839,1170 837,1141 814,1138 814,1138 813,1138 799,1141 769,1150 619,1150 600,1143 583,1136 582,1136 581,1136 580,1136 579,1136 569,1143 564,1148 531,1152 513,1144 497,1137 496,1137 495,1137 430,1138 429,1138 410,1144 408,1145 403,1145 358,1139 357,1139 356,1139 330,1145 288,1156 227,1156 212,1146 209,1143 208,1143 207,1143 190,1141 189,1141 83,1147 84,1180"/>
        <pc:Baseline points="84,1180 839,1170"/>
        <pc:TextEquiv index="0">
          <pc:Unicode>Und hingegen wird es von denjenigen die</pc:Unicode>
        </pc:TextEquiv>
        <pc:TextEquiv conf="0.9905" index="1">
          <pc:Unicode>Und hingegen wird es von denjenigen die</pc:Unicode>
        </pc:TextEquiv>
      </pc:TextLine>
      <pc:TextLine id="eSc_line_58fa173a" custom="structure {type:default;}">
        <pc:Coords points="85,1230 85,1245 140,1252 141,1252 141,1252 158,1244 163,1240 168,1243 181,1251 182,1251 183,1251 184,1251 222,1247 283,1250 283,1250 366,1238 397,1235 434,1238 482,1240 483,1240 520,1239 521,1239 522,1239 527,1235 530,1233 557,1235 598,1237 599,1237 600,1237 610,1233 617,1231 626,1233 646,1237 647,1237 676,1232 680,1231 681,1231 703,1244 704,1244 705,1245 729,1245 729,1244 730,1244 761,1229 761,1229 763,1229 811,1242 812,1242 813,1242 814,1242 847,1228 847,1221 844,1186 817,1196 778,1188 772,1187 771,1187 705,1188 704,1188 703,1188 700,1190 688,1199 657,1192 646,1189 645,1189 644,1189 637,1193 624,1198 604,1194 592,1190 591,1190 590,1190 589,1190 588,1190 582,1194 572,1200 561,1194 555,1192 554,1192 553,1192 552,1192 546,1194 531,1202 493,1197 492,1197 491,1197 490,1197 482,1203 441,1198 438,1198 437,1198 436,1198 435,1198 427,1203 360,1203 353,1201 349,1197 348,1197 347,1197 346,1197 328,1201 313,1194 312,1194 284,1194 283,1194 283,1194 258,1203 254,1205 250,1203 231,1194 230,1194 230,1194 229,1194 204,1205 201,1206 196,1205 172,1199 171,1199 170,1199 169,1199 151,1206 149,1208 84,1208 85,1230"/>
        <pc:Baseline points="85,1230 537,1221 847,1221"/>
        <pc:TextEquiv index="0">
          <pc:Unicode>wahre Propheten waren, als ein beſonders</pc:Unicode>
        </pc:TextEquiv>
        <pc:TextEquiv conf="0.9894" index="1">
          <pc:Unicode>wahre Prgpheten waren, als ein beſonders</pc:Unicode>
        </pc:TextEquiv>
      </pc:TextLine>
      <pc:TextLine id="eSc_line_3dfb3b18" custom="structure {type:default;}">
        <pc:Coords points="80,1280 80,1289 127,1295 128,1295 171,1290 187,1300 188,1300 189,1300 190,1301 217,1301 217,1300 218,1300 241,1289 278,1292 285,1299 285,1299 286,1299 287,1299 288,1300 343,1300 343,1299 344,1299 345,1299 345,1299 349,1295 364,1299 365,1299 366,1299 367,1299 393,1287 436,1287 448,1292 449,1292 450,1292 451,1292 463,1285 463,1276 460,1256 433,1256 431,1256 415,1248 414,1248 413,1248 412,1248 411,1248 404,1255 393,1246 392,1246 391,1246 365,1246 364,1246 363,1246 343,1253 270,1253 269,1253 268,1253 267,1253 263,1256 259,1258 256,1256 242,1247 241,1247 240,1247 239,1247 238,1247 205,1256 195,1259 126,1259 119,1256 100,1248 99,1248 98,1248 97,1248 79,1255 80,1280"/>
        <pc:Baseline points="80,1280 463,1276"/>
        <pc:TextEquiv index="0">
          <pc:Unicode>Vorrecht angesehen.</pc:Unicode>
        </pc:TextEquiv>
        <pc:TextEquiv conf="0.9732" index="1">
          <pc:Unicode>Vorrecht angeſehen.</pc:Unicode>
        </pc:TextEquiv>
      </pc:TextLine>
      <pc:TextLine id="eSc_line_f821626a" custom="structure {type:default;}">
        <pc:Coords points="82,1329 82,1337 121,1337 155,1347 156,1347 157,1347 241,1346 298,1337 350,1344 351,1344 398,1334 402,1334 478,1334 479,1334 496,1343 497,1343 498,1343 521,1343 521,1343 522,1343 559,1333 563,1332 566,1333 587,1342 588,1342 589,1343 642,1343 642,1342 679,1341 680,1341 708,1331 710,1331 713,1331 734,1335 735,1335 801,1330 801,1322 800,1282 774,1282 773,1282 772,1282 771,1282 755,1294 713,1284 707,1283 706,1283 644,1286 643,1286 642,1286 642,1287 637,1291 630,1287 625,1284 624,1284 564,1284 563,1284 562,1284 561,1284 556,1289 554,1290 544,1290 528,1289 527,1289 526,1289 522,1290 507,1295 451,1293 451,1293 424,1298 415,1293 403,1286 402,1286 401,1286 400,1286 383,1294 372,1299 316,1296 276,1294 275,1294 274,1294 274,1294 270,1297 266,1299 251,1298 228,1295 227,1295 205,1299 202,1299 201,1299 192,1295 191,1295 190,1295 189,1295 178,1299 176,1301 81,1302 82,1329"/>
        <pc:Baseline points="82,1329 495,1322 801,1322"/>
        <pc:TextEquiv index="0">
          <pc:Unicode>Was ſagt den die heilige Schrift? Sie</pc:Unicode>
        </pc:TextEquiv>
        <pc:TextEquiv conf="0.9933" index="1">
          <pc:Unicode>Was ſagt den die heilige Schrift? Sie</pc:Unicode>
        </pc:TextEquiv>
      </pc:TextLine>
      <pc:TextLine id="eSc_line_c16cb591" custom="structure {type:default;}">
        <pc:Coords points="89,1377 89,1396 150,1396 150,1396 151,1396 172,1384 183,1388 184,1388 185,1388 185,1388 205,1383 223,1392 228,1395 229,1395 230,1395 274,1394 274,1394 275,1394 281,1390 290,1383 298,1387 299,1387 300,1387 300,1387 301,1387 312,1380 326,1388 328,1389 329,1389 384,1391 385,1391 386,1391 407,1385 424,1379 440,1383 449,1385 450,1385 451,1385 451,1385 455,1382 460,1379 491,1381 526,1383 527,1383 528,1383 529,1383 532,1379 535,1378 543,1378 563,1382 564,1382 565,1382 580,1378 591,1373 646,1372 698,1372 699,1372 716,1383 716,1383 717,1383 718,1383 719,1383 762,1370 799,1368 800,1361 798,1336 741,1329 740,1329 739,1329 724,1335 687,1329 686,1329 685,1329 664,1337 646,1344 628,1337 614,1333 613,1333 612,1333 611,1333 610,1333 604,1338 593,1347 431,1350 398,1340 385,1336 384,1336 383,1336 363,1340 336,1346 321,1341 317,1339 316,1339 315,1339 314,1339 313,1339 311,1341 304,1345 289,1342 288,1342 287,1342 286,1342 268,1350 247,1342 246,1342 245,1342 244,1342 243,1342 226,1356 198,1356 173,1343 172,1342 171,1342 170,1342 88,1343 89,1377"/>
        <pc:Baseline points="89,1377 319,1375 800,1361"/>
        <pc:TextEquiv index="0">
          <pc:Unicode>ſagt : daß die Männer in u. außer</pc:Unicode>
        </pc:TextEquiv>
        <pc:TextEquiv conf="0.9789" index="1">
          <pc:Unicode>ſagt : daß die Männer in u. außer</pc:Unicode>
        </pc:TextEquiv>
      </pc:TextLine>
      <pc:TextLine id="eSc_line_17de0bc4" custom="structure {type:default;}">
        <pc:Coords points="88,1420 88,1435 106,1429 158,1429 178,1435 185,1437 185,1437 186,1437 195,1435 225,1428 332,1428 376,1434 389,1436 390,1436 439,1434 440,1434 441,1434 456,1428 468,1434 472,1436 473,1436 474,1436 516,1435 517,1435 518,1435 520,1434 529,1428 575,1424 614,1427 623,1433 623,1434 624,1434 625,1434 626,1434 702,1433 703,1433 704,1433 733,1425 765,1433 768,1433 769,1433 840,1432 840,1415 839,1378 701,1382 690,1381 672,1378 672,1378 671,1378 670,1378 666,1381 653,1390 615,1383 596,1379 595,1379 594,1379 583,1384 562,1391 545,1385 534,1380 533,1380 532,1380 495,1383 494,1383 493,1383 489,1386 484,1390 468,1387 448,1382 447,1382 446,1382 434,1387 425,1392 379,1393 357,1389 350,1388 349,1388 348,1388 347,1388 346,1389 343,1392 339,1389 330,1384 329,1384 328,1384 327,1384 327,1384 307,1390 300,1393 293,1391 279,1386 278,1386 277,1386 276,1386 275,1386 267,1391 263,1395 238,1395 233,1392 209,1384 208,1384 207,1384 206,1384 167,1394 162,1396 87,1396 88,1420"/>
        <pc:Baseline points="88,1420 584,1413 840,1415"/>
        <pc:TextEquiv index="0">
          <pc:Unicode>dem Tempel, wo ſie gehen u. ſtehen, Prie⸗</pc:Unicode>
        </pc:TextEquiv>
        <pc:TextEquiv conf="0.9955" index="1">
          <pc:Unicode>dem Tempel, wo ſie gehen u. ſtehen, Prie⸗</pc:Unicode>
        </pc:TextEquiv>
      </pc:TextLine>
    </pc:TextRegion>
  </pc:Page>
</pc:PcGts>
