1000 1617
791 79 829 127 9.
74 141 829 193 Seele, eine weibliche Perſon, ein Eheweib
74 181 830 232 alle Stunden lieber wünschte, daß ſie zu
84 223 834 279 Jhm heimfahren könnte : ſo kan̅ man wohl
71 264 835 318 mit größrer Billigkeit uns zu laßen, ſel⸗
71 308 806 359 ber lieber in des Heilands Arme über⸗
73 351 841 409 gehen, u. einer gewiß beſchwerlichen Com̅is⸗
75 397 787 449 ſion los zu werden, die aber auch ihre
72 442 840 495 Seligkeiten hat, wen̅ man einfältig u. kind⸗
79 488 826 540 lich iſt u. man aus demſelben ganzen
75 530 834 589 Sinn, den man vom Heiland bekom̅en hat,
78 575 830 633 ſein Amt im Glauben thut, im Glauben
76 621 824 680 des Sohnes Gottes, der uns geliebet hat,
77 671 811 729 u. hat Sich ſelbſt für uns dahin gegeben.
76 760 842 825 2.) Br. Petrus Predigt in der Schloß⸗Capelle
95 812 796 875 am Neu⸗Jahrestage ♄ d 1ᵗ Jan: 1774.
364 864 514 921 Gebet:
75 902 833 975 Heiliger HErr Gott, heiliger ſtarcker Gott,
79 963 845 1021 heiliger barmherziger Heiland; Du ewiger
74 1012 809 1066 Gott! ſegne uns in dieſem neuen Jahr
76 1052 769 1113 durch Deine Menſchwerdung, Leiden,
74 1095 493 1157 Creuz u. Tod, Amen!
335 1146 503 1218 Eingang:
73 1194 838 1260 Es iſt in keinem andern Heil; es iſt auch kein
70 1257 804 1290 anderer Name den Menſchen gegeben,
68 1295 789 1347 darin̅en wir ſollen ſelig werden, als
66 1344 591 1385 alleine in dem Namen Jeſu.
82 1383 816 1457 Dieſes Zeugnis legten die Apoſtel ab, als
795 1400 831 1455 ſie
