1000 1616
807 79 834 126 5.
78 138 833 192 wir haben nur Tag u. Nacht darauf zu den⸗
82 177 834 237 cken, wie wir unſer königliches Prieſterthum,
79 222 823 280 das uns anvertraut, u. dazu wir geſalbt
79 266 823 321 worden ſind, durch den heiligen Geiſt, an
75 309 824 365 Mann bringen, wie wir unſern Weibern
75 350 817 412 das ſeyn, was Jeſus Seiner Gemeine iſt;
74 399 834 458 Seines Leibes Heiland; wie wir das Zeugniß
77 447 836 497 bey ihnen davon tragen wen̅ wir ſie wieder
75 490 838 544 an ihren wahren Bräutigam, an ihren wahren
72 535 842 586 Man̅ übergeben : er iſt ein treuer Diener
75 578 792 633 geweſen, er hat mir meine Zeit ſelig
77 626 831 681 helfen hinbringen, er hat ſein Amt red⸗
76 667 833 730 lich verwaltet ; ich habe mir den l. Heiland
75 717 546 773 dabey vorſtellen können.
75 758 834 821 Daß dabey viele Schwierigkeiten ſind, daß
75 811 842 862 der Heiland nach Seiner großen Treue u.
74 855 835 912 Barmherzigkeit viel Geduld mit uns haben
73 899 831 957 muß : daran iſt kein Zweifel. Wen̅ es nur
73 947 834 1005 auf die Treue ankäme ; ſo kön̅te man eher
75 992 831 1055 ſagen : ſo jemand den HErrn Jeſum nicht
73 1037 823 1100 lieb hat, der iſt ohnedem verflucht. Aber
73 1090 824 1143 weil es mit auf die Weisheit u. Conduite
75 1135 818 1200 ankom̅t, da muß freylich der treue Hld.
72 1191 413 1243 vieles über ſehen.
72 1234 794 1291 Deswegen aber müßen wir die Sache
74 1277 838 1333 nicht aus den Augen laßen, ſondern im̅er
74 1315 103 1354 im
71 1331 823 1383 Lichte behalten u. ſo anſehen, wie es im
73 1374 824 1440 Grunde gemeint iſt, im̅er ſo auf das Bild
755 1417 820 1467 auf
