1000 1617
70 128 832 189 uns gebracht hat, iſt von der äußerſten Wichtig⸗
71 171 796 226 keit u. begreift ſo viel in ſich, daß wir es
68 210 834 256 kaum in Worte faßen können. Den̅ wenn
70 251 832 309 gleich die heil Schrift von der Beſchreibung u.
70 299 834 353 den Beweiſen der Seligkeit, die uns unſer
71 341 825 401 HErr Jeſus Chriſtus erworben hat, voll iſt,
70 388 802 445 ſo iſts doch etwas unerſchöpfliches, das ein
67 437 843 491 Menſch, wen̅ er auch das höchſte Menſchen⸗Alter
70 481 810 537 in der Welt erreichte, nicht aus genießen
69 525 831 581 kan; das iſt: er hat einen im̅er währenden,
71 568 810 633 unerſchöpflichen Genuß, ja es iſt ſo groß,
70 617 831 670 daß wir in allen Ewigkeiten die Gnade u.
69 661 839 717 Seligkeit nicht werden ausgenießen können;
73 708 841 761 ſondern daß wir in das Unendliche an Jeſu
70 754 822 810 u. der Seligkeit, die Er uns erworben hat,
70 802 592 856 werden zu genießen haben.
73 846 840 901 Wen̅ wir das, was unter dieſer Seligkeit
71 895 846 952 zu verſtehen iſt, kurz zuſam̅en faßen ſollen:
71 943 835 1002 ſo können wir es aufs lieblichſte mit der Er⸗
68 992 849 1046 klärung thun, die der ſel. Dʳ Luther über
70 1039 787 1094 den andern Artickel unſers Chriſtlichen
71 1086 839 1141 Glaubens gemacht hat, da es heißt: Jch glau⸗
68 1131 802 1191 be daß Jeſus Chriſtus wahrhaftiger Gott
67 1179 846 1233 vom Vater in Ewigkeit geboren, u. auch wahr⸗
69 1222 821 1285 haftiger Menſch von der Jungfrau Maria
67 1277 855 1332 geboren, ſey mein HErr, der mich verlornen
66 1325 844 1374 u. verdamten Menſchen erworben u. gewon⸗
67 1366 827 1426 nen, nicht mit Gold oder Silber; ſondern
756 1412 832 1445 mit
792 75 838 118 11.
