1000 1617
140 71 195 116 10.
160 132 923 186 ſie über ihre Predigt von Jeſu dem gecreu⸗
155 176 919 232 zigten u. Auferſtandenen vor die Hohenprie⸗
156 215 891 270 ſter u. Aelteſten des Volcks Jſrael zur
153 262 919 311 Verantwortung waren vorgefordert worden.
153 303 919 357 Sie bezeugten da mit Freuden, daß Jesus
154 345 887 398 die alleinige Quelle aller Seligkeiten in
156 388 920 450 Zeit u. Ewigkeit sey; sie bezeugten zugleich
149 442 895 492 auch, daß alle Bemühungen auf eine andere
151 481 916 541 Art als durch Jeſum ſelig zu werden, ſchlech⸗
152 528 828 579 terdings vergeblich u. fruchtlos wären.
151 574 911 629 Es iſt in keinem andern Heil; iſt auch kein an⸗
153 618 921 678 derer Name den Menſchen gegeben, darin̅en
151 664 908 722 wir ſollen ſelig werden, als allein in dem
156 714 906 774 Namen Jeſu. Wen̅ hier die Apoſtel von
150 761 911 821 dem Namen Jeſu reden, ſo verſtehen ſie
150 811 903 872 die Sache, welche durch den Namen Jeſu iſt
149 860 923 912 angedeutet worden. Den̅ alle Namen Gottes
150 904 910 963 u. inſonderheit alle Namen unſers HErrn
150 952 883 1016 Jeſu Christi, die wir in der heil. Schriftt
148 1003 912 1059 aufgezeichnet finden, ſind Namen, die reale
148 1046 909 1107 Sachen bedeuten u. ſich würckl. ſo beweiſen,
150 1098 916 1152 wie es der Name mit ſich bringt. Deswegen
151 1142 907 1200 ſagt einmal David Pſ. 48,11. Gott! wie
150 1188 864 1248 Dein Name, ſo iſt auch dein Ruhm bis an
148 1240 455 1290 der Welt Ende!
148 1281 877 1339 Dieſe Bewandniß hat es inſonderheit mit
147 1326 906 1390 dem Namen Jeſu. Der Name Jeſus heißt
147 1376 853 1437 ein Seligmacher. Die Seligkeit, die Er
817 1406 909 1447 uns
