1000 1616
150 67 159 112 2.
150 125 880 195 Den̅, hätt' ich mit niemand umzugehen,
149 176 893 231 als nur mit meinem treuen Freunde u.
150 212 887 278 ſäh' mich keiner Seiner Feinde u. dürft
146 261 883 316 in keinem Amte ſtehn : ſo wäre mir vor
144 300 207 329 mir
141 307 909 359 ſelbst nicht leid, ich weiß doch wohl an wen
145 348 905 404 ich gläube auch weiß ich daß ich in Jhm bleibe
146 388 884 449 Er kennt auch meine Zärtlichkeit. Aber ich
146 436 906 492 habe eine Geſellin, die ſieht mich, die ob⸗
147 478 919 539 ſervirt mich in meinen Worten u. Wercken
145 525 907 579 die kan nach Gelegenheit, daß ſie lange um
145 574 880 623 mich iſt, meine Gedanken errathen, der
144 613 912 672 muß ich auf keiner Ecke, die geringſte Price
143 660 917 714 über mich geben, wen̅ ſie misriethe, wenn
145 706 908 764 ſie nicht ſo gediehe, wie ſie ſollte, der muß
142 754 904 805 ich, wen̅ sie gut geräth u. wen̅ ſie nach al⸗
139 795 905 851 lem Herzens-Wunſche gedeyhet, zu einer
142 843 899 904 continuirl. mehrere Gnade täglich Gelegen⸗
142 887 349 944 heit geben.
143 929 900 987 Die Schönheit ihres Mannes, die Seligkeit,
141 974 907 1034 die Treue, die Weisheit ihres Man̅es muß
141 1026 915 1080 machen, daß des ewigen u. wahren Man̅es
141 1070 911 1132 Schönheit, Seine Seligkeit, Seine Treue, ſeine
140 1120 900 1176 Weisheit u. Seine Herrlichkeit ihr ein un⸗
138 1163 625 1223 ausſprechliches Fühlen gibt.
139 1212 909 1271 Darum gehört freylich in den Stand zu tre⸗
140 1258 882 1314 ten ein großes Maas Gnade dazu, eine
135 1308 898 1361 eigene Beſprengung mit des Heilands Blut,
137 1356 864 1418 eine eigene Weyhe u. Heiligung. Denn
851 1396 891 1432 es
