1000 1617
71 136 824 194 ina des gecreuzigten Mannes u. das an⸗
69 176 805 231 dere die Schechina, die Herrlichkeit, die
68 218 814 277 Wunden Herrlichkeit, die Ehe⸗Herrlichkeit
71 261 821 319 der Gemeine an ſich träget : ſo iſt das ein
70 305 828 359 wahrer Him̅el auf Erden ; ein jedes ſolches
74 352 799 414 Haus iſt ein Him̅el, eine Wohnung Gottes,
70 396 818 452 ein Tempel des heiligen Geiſtes, eine Halle,
70 447 740 500 darin̅en der Heiland ein u. aus gehet.
74 488 832 542 Darauf wird es in der Gemeinen zugeſchnit⸗
78 537 798 590 ten, daß wen̅ der heil. Geiſt viele ſolche
75 583 834 639 Herzen erweckt, u. viel ſolche Männer Herz⸗
72 627 832 688 en ordinirt, man die Schwierigkeiten u. Hin⸗
72 674 823 733 derniße aus dem Wege räumt u. macht
72 724 804 783 eine gewiße Etiquette des Heiligthums,
74 773 831 823 darnach ſich die Leute richten können, die
76 819 828 870 aber nichts anders iſt, als was auch die an⸗
74 866 838 924 dern äußerlichen Methoden u. Verordnung⸗
73 912 807 970 en in Städten u. Dörfern ſind; wie ſich
75 962 808 1017 das Volck, das miteinander leben ſoll,
75 1007 840 1072 die Sachen erleichtern ſoll. Aber die Grund⸗
76 1065 818 1116 Plane bleiben ewiglich u. gehen in allen
74 1110 783 1162 Gemeinen gleich durch : daß der Sin̅ des
73 1153 823 1213 Lam̅s Sin̅ gleiche u. die Hütte Seiner Leiche,
75 1203 820 1265 daß unſre Weiber keinen leichtſin̅igen,
73 1253 822 1312 keinen hochmüthigen, viel weniger geilen
76 1300 834 1359 Blick zu ſehen kriegen, keinen lendenlahmen,
74 1352 834 1410 keinen abſurden Blick, keinen Argwohn auf
755 1392 826 1451 uns,
796 75 823 121 7.
