1000 1616
144 64 196 113 4.
169 122 879 182 Prieſter⸗Hände aufheben ſollen, daß ihr
173 166 922 228 Haus ſegnen, daß ſie Könige ihrer Frauen
165 204 920 270 u. Prieſter ihres Hauſes ſeyn, u. in an⸗
166 248 915 310 dern Gelegenheiten Prieſter ihrer Frauen
164 298 919 360 u. Könige ihres Haußes ſeyn. Sie ſind ge⸗
163 340 914 401 macht zu Königen u. Prieſtern vor Gott
161 384 912 442 u. ins beſondere vor dem Vater unſers
163 424 920 491 HErrn Jeſu Chriſti, der ſie in ihrer Digni⸗
160 480 916 535 tät, in ihrer Würde, als Repräſentanten
158 518 894 579 Seines lieben Sohnes bey dem weiblichen
157 558 913 629 Geſchlechte, bey den aus erwählten Frauen,
155 614 916 677 mit einer Zärtlichkeit Seines Vater⸗Herzens
157 649 330 715 anſiehet.
161 699 896 762 Ja wen̅ man die Sache ſo faßt : ſo werden
153 749 910 814 viele Ermahnungen u. Warnungen zu über⸗
154 793 911 858 flüßigen Worten, darüber man ſich ſonſt
150 839 907 908 viele Zeit nehmen würde. Es folgt von ſich
152 886 902 951 ſelbſt. Der Plan, den wir haben, u. den
148 936 885 999 uns die Apoſtel hinterlaßen haben : Der
145 983 907 1048 Man̅ iſt des Weibes Haupt, wie die Gemei⸗
149 1027 913 1101 ne iſt Chriſto unterthan : ſo iſt das Weib dem
148 1078 902 1142 Manne; der ſezt uns auf einmal in eine
148 1122 883 1195 ſolche Beſchaffenheit unſers Gemüths und
144 1179 878 1240 unſrer ganzen Verfaſſung, daß wir nicht
144 1226 902 1294 lange zu unterſuchen haben, wie wir unſer
141 1273 884 1336 Weſen u. Wandel einrichten ſollen; was
144 1319 907 1388 recht oder was Sünde ſey, was nahe bey der
140 1367 909 1432 Sünde, oder was weit von der Sünde iſt : ſondern
848 1422 895 1457 wir
