1000 1599
125 49 192 96 426.
166 118 896 179 Siwike als Helfer und Diener im
176 173 896 221 Chor. Ein aparter Gnaden⸗Tag war
167 212 902 265 dem ledigen Schweſtern⸗Chor der
170 257 894 307 10te Nov. da ſie mit Danck⸗ und
167 295 906 357 Sünder⸗Thränen ihr bisheriges Wohn⸗
168 344 920 397 haus verließen und mit Hofnungs⸗
144 385 901 447 vollem Herzen auf neue Gnade
169 434 905 488 ihr dis Jahr erbautes neues Chor⸗
169 478 890 533 Haus einweyheten und bezogen.
194 520 904 580 An unſern lieben Kindern haben
171 568 867 620 wir die Arbeit des heiligen
168 612 894 667 Geiſtes anmercklich geſpürt, und
168 656 888 712 der wöchentliche Unterricht war
174 703 891 752 ihnen angenehm und mit Gnade
173 749 889 797 begleitet. Einen neuen Segen
169 792 897 839 erwarten wir, da nun beyde
166 830 900 886 Schulen in die Chorhäuser genom⸗
161 882 845 929 men worden, ſeit dem zu
171 921 856 975 Ende Nov. auch die Knäbgen
168 966 880 1023 ins BrüderHaus eingezogen.
169 1015 883 1064 Danckbar erinnern wir uns
168 1055 888 1111 der gnädigen Hülfe in der
172 1097 885 1154 Blattern Zeit unter den Kindern,
173 1145 896 1198 da 36 von ihnen daran kranck
168 1185 880 1236 lagen und 2 Knäbgen bey der
166 1231 885 1288 Gelegenheit vom Heiland heim⸗
168 1280 624 1328 genom̅en wurden.
207 1310 923 1369 Außer dieſen ſind noch heimgegan⸗
785 1349 877 1408 gen
