1000 1598
121 68 182 124 68.
173 156 895 214 und getauft, und 123 Perſonen zum
171 211 802 260 Heiland heimgerufen worden.
198 248 911 306 Zum Schluß des Tages verband ſich
174 295 892 341 die Abendmahls Gemeine beym Lobe⸗
172 338 918 392 Kelch, dem Heiland ewig treu zu ſeyn.
204 378 873 435 Die öffentliche Bibel⸗Lection nahm
175 421 906 482 d. 3ten Jan. mit dem Evangeliſten Jo⸗
174 467 894 525 hannis ihren Anfang. Die Sontags⸗
171 517 902 569 predigten und Gemeintage werden
176 559 902 617 von vielen Fremden ſtarck beſucht,
174 602 891 655 und der Heiland legt Seinen Segen
179 651 896 704 drauf, ſo wie Er ſich überhaupt zu
171 703 856 751 unſern gewöhnlichen Verſam̅lungen
167 737 896 815 mit Seiner lieben Nähe gnädiglich
177 774 333 826 beken̅t.
202 819 897 884 2. Mädgen ſind in die Gemeine auf⸗
176 873 566 917 genom̅en worden.
186 904 881 957 Vom 6ten bis 26ten Jan. waren
173 947 912 1016 Geſchwiſter Nathanaels zum Beſuch hier,
174 1004 893 1048 da ſie weiter nach London gingen.
174 1036 904 1093 Eben dahin begaben ſich d. 3ten Febr.
177 1080 849 1139 die ledigen Brüder Reizenbach,
167 1123 897 1186 Betling, und Dancke, welche ſich 3 Monate
178 1170 880 1232 hier auf gehalten hatten. Am 25ten Merz
173 1217 865 1280 wurde das Feſt der Menſchwerdung
172 1265 893 1317 unſers Herrn mit Segen begangen. So
170 1306 899 1360 war auch ins beſondre den Wittwen ihr
803 1339 895 1402 Chor⸗
