1000 1598
147 110 819 205 Der Gemein⸗Nachrichten 1770.
233 181 692 252 XXXte Woche. I.
223 268 674 340 Enthält folgende Stücke:
119 298 797 387 1.) Schreiben des Bruder Joh. Heinr.
166 375 820 430 Mente aus Zeyst, vom 13ten Jun. 1770.
121 414 811 479 Daß mich der Heiland aufs neue zu
85 460 814 520 Seinem Dienſt angenom̅en hat, iſt mir
90 505 836 571 groß und wichtig und ich freue mich mit
87 546 824 610 Beugung meiner Gnadenwahl. Der liebe
86 593 803 655 Heiland wolle mir einen getroſten
95 631 816 697 Muth und Freudigkeit geben, mich aus
95 675 830 738 Gnaden bey Seinen Wunden erhalten, u.
94 724 848 789 Jhm und Seiner Gemeine zur Ehre u. Freu⸗
91 769 797 824 de ſeyn laßen. Auf meiner Reiſe
96 816 818 873 hieher iſt es ſehr gut gegangen u. der
100 859 826 919 Friede Gottes hat mich ſeliglich begleitet,
92 901 847 962 und ich habe das Zutrauen zum Heiland,
95 946 699 1005 daß Ers auch ferner thun wird.
139 983 793 1052 2.) Br. Meerboth ſchreibt unterm
340 1038 616 1091 2ten Jul. 1770,
88 1077 829 1130 daß er mit ſeiner Geſellſchaft an dem⸗
95 1127 826 1176 ſelben Tage in Tepel angekom̅en und ſie
102 1164 828 1221 d. 3ten nach Paramaribo abzuſegeln hoffen.
109 1211 824 1264 Der liebe Heiland hätte ſie bis daher
100 1254 831 1320 mit Seiner Nähe begleitet; das Gebet
824 49 879 109 73.
