1000 1598
131 67 190 123 80.
186 150 912 210 gnädig erzeigt. Getauft ſind worden
182 194 914 253 am 19ten Jan. 4 Perſonen und am 11ten
160 237 912 291 Merz aber mals 4. Jn den Monaten
183 281 886 339 Dec. Jan. und Febr. hatten es unſre
184 324 914 390 Geſchwiſter wegen ſehr harten Wetters
183 373 903 432 im äußerlichen zimlich ſchwer, doch gab
183 416 901 470 ſichs im Monat Merz und ſie konten
182 462 885 511 ihre Nahrung wieder ſuchen. Zum
180 505 888 561 Schluß des Jahrs 69 beſtand die
182 561 886 607 Grönländiſche Gemeine mit allen, die
182 597 813 656 hier wohnen, aus 540 Seelen.
290 647 805 708 7.) Aus Sarepta ſchreibt
236 692 898 744 a.) Br. Neiz unterm 20tn Dec. 69.
180 748 912 800 Da unſre Geſchwiſter vor gut befun⸗
177 795 890 844 den haben, daß ich und Br. Ham̅el
186 837 906 886 bey Sarepta überwintern möchten;
186 874 907 929 ſo haben wir unſre Kibitke beym
182 923 857 973 Vorwerck aufgeſchlagen, wo eine
182 965 897 1026 Calmuckiſche Familie ſich aufhält. Der
157 1005 869 1065 Mann von dieſer Familie kan
169 1057 895 1110 leſen und ſchreiben, und wir machen
182 1093 838 1151 uns ihn in der Abſicht zu Nuze.
172 1144 910 1202 Wir haben, ſo ſchwer es auch fält ei⸗
173 1188 888 1246 nige Schriften von ihm bekom̅en;
180 1239 901 1285 und ſie dienen uns dazu, daß wir
182 1281 920 1347 manche Ausdrücke in geiſtlichen Dingen
788 1332 899 1391 welche
