1000 1598
104 127 818 213 Der Gemein Nachrichten 1770
257 197 731 277 XXVIIte Woche. I.,
116 318 801 376 1.) Instruction für die nach Suriname
201 275 660 339 Enthält folgende Stücke:
122 371 809 415 und St. Thomas gehende Geschwiſter
194 414 766 457 d. d. Henersdorff am 14ten May 1770.
137 451 819 511 Wie würden unſre lieben, theils nach
92 496 825 555 Suriname, theils nach den Carybiſchen Jnſuln
96 545 809 599 beſtim̅ten Brüder und Schweſtern dem
96 586 845 648 Herrn und dem Worte Seiner Gnade, welches
95 632 825 693 mächtig iſt, ſie zu erhalten und durch zu⸗
92 679 810 735 bringen, kindlich empfehlen u.  ihnen nicht
95 726 822 780 erſt eine Instruction aufſezen, wen̅ wir
93 768 819 824 nicht um leztres wären gebeten worden,
94 808 853 866 und uns die Erfahrung gelehrt hätte, daß
95 855 825 918 ſolches zuweilen ſehr nüzlich, wo nicht nöthig
97 906 250 952 geweſen.
175 941 825 995 Wir wollen alſo eines, u. das andre
95 984 817 1042 was unſern lieben Geſchwiſtern, theils
98 1029 821 1086 auf der Reiſe, theils an dem Orte, wo ſie
99 1074 826 1136 hingehen, dienlich iſt, in Liebe mittheilen,
93 1123 795 1174 in der Hoffnung, es werde von ihnen
95 1161 831 1218 einfältig u. Brüderlich aufgenom̅en werden.
151 1205 823 1262 Da bitten wir dan̅ unſre Lieben Brüder
94 1253 805 1306 und Schweſtern überhaupt und ein jedes
99 1297 803 1361 von ihnen inſonderheit, daß ſie ihrem
843 70 880 132 1.
