1000 1598
100 138 822 202 Jch ſtund beſchämt da vor meinem lieben
102 181 826 243 Herrn über der Gnade, danckte Jhm für
92 229 826 285 die neue Stärckung und Erquickung, u.
92 271 840 329 Er drückte mir ein neues Siegel Seiner
95 316 831 371 Liebe und Barmherzigkeit auf mein Herz.
99 361 826 423 Jch werde täglich gewahr, wie arm und
99 408 829 463 verdorben ich bin, und wie nöthig es iſt,
96 448 825 506 in einer wahren bekan̅tſchaft mit dem
95 492 827 553 Heiland zu ſtehen, und ein von Seinem
99 536 800 597 Blut warmes Herze zu haben. Dabey
96 582 811 636 lerne ich aber Sein Herz im̅er beßer
101 624 825 681 kennen und verſtehn, und mein Troſt
101 669 844 729 iſt, daß ich aus Erfahrung weiß, daß
103 719 830 771 Er ſich an armen, ſchwachen Kindern ver⸗
98 765 822 816 herrlichen  will. Es iſt mir eine große
102 804 828 861 Gnade, daß Er mich armen würdiget,
96 852 827 904 in meinem geringen Theil, Jhm unter
99 888 837 955 den Heiden zu dienen. Meine bitte dabey,
104 935 815 996 iſt täglich zu Jhm, daß Er mir den
102 978 837 1044 wahren Glauben an Jhn beveſtige, mein
104 1022 838 1087 Herz die Beſprengung mit Seinem Blut
105 1073 828 1129 im̅er fühlen laße, mir einen getroſten
112 1115 824 1170 Muth erhalte, und mich durch Seinen
108 1154 796 1218 heiligen Geiſt in alle Wahrheit leite.
143 1204 769 1257 5.) Von Br. Joh. Salomo Schnürer
224 1243 761 1309 aus Zeyst, vom 22tn  Jul. 70.
133 1284 832 1359 Mein lieber Heiland hat mich auf der
830 60 884 118 75.
