1000 1598
152 56 209 103 88.
205 127 928 195 und ihre gewiß recht verworrene Gözen⸗
199 178 930 239 Dienſte haben wir etnns mehr ken̅en
197 220 939 284 lernen. Eben da ich dieſes ſchrieb, kam
194 263 935 319 ein Calmuck zu mir, und ſchrieb einige
193 297 950 381 tongutiſche Worte auf Papier; Jch frag⸗
190 348 934 417 te ihn: Was er ſchriebe? er antworte⸗
193 391 931 459 te: Jn dem Holze, das wir verbren⸗
193 436 907 503 nen, pflegen zuweilen Würmer zu
189 487 917 542 ſeyn, die dan̅ mit verbren̅en. Und
184 529 916 589 weil wir dafür halten, daß wir,
187 569 908 634 die wir die Schrift verstehen |: es
190 616 912 679 war ein geiſtlicher :| keine einige
193 659 906 719 Creatur aus Leben bringen ſollen,
187 703 914 765 und auf dieſe Art doch die Wür⸗
178 749 888 808 mer durch unſre Schuld ihr leben
184 795 894 854 verlieren können; ſo bitten wir
183 832 917 895 den Banchan |: das heiſt ſo viel als
187 879 884 943 Gott; ſie haben aber viele Götter
184 928 904 991 und faſt in jeder Abſicht einen
183 980 897 1043 andern :| daß es den Seelen wohl
182 1026 868 1082 gehe und ſie balde wieder in
180 1077 911 1145 ihrer Art zum leben geboren werden
171 1135 907 1205 mögen, uns aber die Sünde, daß
177 1178 899 1258 wir ſie ums Leben gebracht, ver⸗
179 1234 917 1311 geben werde. Jn dieſen aufgeſchrie⸗
174 1286 884 1353 benen Worten beken̅en wir unſre
785 1342 898 1376 Sünde
