1000 1598
127 63 184 119 22.
193 134 898 193 unbeſchreibliche Güte und Treue unſers
187 184 926 241 Herrn, beſonders in den Singſtunden,
190 226 916 286 fleißig den Seufzer zu Jhm aufſteigen
188 273 893 328 zu laßen: Laß dein Volck werden
169 318 896 377 dein Lob auf Erden, daß Gnade
190 362 876 416 unter uns throne und Einfalt
190 405 904 458 und kindliche Geſtalt; und daß
184 448 896 503 wir von Herzen einander lieben
194 492 936 555 und im Friede auf Einem Sinne blei⸗
193 540 831 594 ben, zu deinem Preis, Amen!
266 607 880 677 4.) Von Barby und Gnadau
436 659 762 725 vom May 1770
207 709 865 762 1.) Jn dieſem Monat ſind in
191 753 901 811 Barby 2 Kinder geboren u. ge⸗
188 800 881 851 tauft worden, nehmlich am 3ten
194 844 912 893 die Anna Elisabeth Ebersin und
190 887 883 942 am 4ten der Johann Friedrich
191 922 425 981 Riegelman̅.
244 973 916 1031 2.) Die ledige Schweſter Magdalena
176 1019 911 1074 Suslandin wurde in einer Verſam̅lung
178 1064 897 1123 der AbendMahls⸗Geſchwiſter Confir⸗
188 1110 918 1171 mirt, und genoß mit ihrem Chor,
194 1159 926 1220 welches am 4ten ſein Chorfeſt ſelig⸗
188 1202 885 1262 lich beging zum erſten mal den
185 1253 853 1315 Leib und Blut unſers Herrn im
194 1301 653 1364 heiligen AbendMahl.
787 1329 849 1378 An
