1000 1598
139 73 198 124 30.
195 135 926 199 gethan hatte. Als ſein Bruder der ao.
194 188 926 247 1733 aus gegangen war, nachher wieder
193 237 917 286 zum Beſuch nach Böhmen kam, ging er
182 275 918 331 mit ſeiner Mutter und 3 Schweſtern
213 322 921 381 (: Der Vater war ſchon ſelig verſchie⸗
182 366 923 422 den :) mit ihm auch aus, nach Gerlachs⸗
188 410 922 465 heim. Da brachte ihn der Geiſt Gottes
190 452 916 501 noch mehr auf ſein Herz. Er warf
191 491 912 543 ſich als ein armer Sünder zu Jeſu
190 537 919 596 Füßen, bat um Vergebung ſeiner
185 586 900 637 Sünden, erlangte ſie, und ſein Herz
189 625 918 679 glaubte, daß er mit Chriſti Blut
190 671 922 723 verſöhnt und von allen Sünden abge⸗
186 714 912 766 waſchen ſey. Anno 1737 kam er mit an⸗
175 759 914 811 dern Böhmen nach Berlin und trat
190 798 918 851 1739 in die Ehe. Da ao. 1744 Bruder
190 843 923 901 Jaeſchke anfing ſich der hieſigen Böh⸗
179 897 912 943 men anzunehmen, nahm ers mit vielem
178 935 922 994 Danck an, redete mit ihm offenherzig aus
187 985 919 1025 und kam balde unter die AbendMahls
189 1020 916 1075 genoßen und Stundenbeter. Auf dem
189 1062 941 1123 Grunde der Verſöhnung durch Chriſti Blut,
186 1116 920 1166 ſtund er veſte, bekan̅te ſich als ſeinen
187 1156 896 1210 Sünder, und erkan̅te mit Schmerz, wo
177 1201 939 1254 er ſchuldig blieb. Er war von beſondrer
181 1242 923 1295 Leibes⸗Stärcke, und kon̅te für mehr als
181 1291 902 1355 einen Mann arbeiten, thats auch nach
795 1337 907 1397 allem
