1000 1599
835 70 876 123 11.
84 127 177 159 trinket
84 135 826 190 \trinket/ weil ihm das Waßer nicht ſchmeckt, der macht
89 177 796 238 ſichs in dem Theil ſchwer. Wer ſich täglich
83 222 806 286 Mühe gibt, die Natur in ihrer Ordnung zu
86 270 592 326 halten, der hats am leichteſten.
112 311 784 360 8.) Wer ſo lange in ſeiner Cabine will
88 350 828 405 liegen bleiben, bis er von der See⸗Krank⸗
87 397 793 461 heit nichts mehr fühlt; der iſt gemeiniglich
85 449 800 502 lange Seekrank. Wer ſich ſo viel als nur
84 491 828 540 möglich in die friſche Luft macht, der erleichtert
89 537 704 594 und verkürzt ſich die Seekrankheit.
119 586 817 644 9.) Wen̅ man einen heißen Tag gehabt und
88 629 832 679 wacker geſchwizt hat, und man bleibt abends
95 670 836 725 wen̅ es kühle wird; lange auf der Schifs⸗
80 719 824 765 decke, ſo kan man ſich manchmal eine Be⸗						-
89 754 625 819 ſchwerliche Kranckheit zu ziehen.
105 799 818 856 10.) Wen̅ ſich die Brüder und die Schweſtern
85 847 818 905 im̅er etwas beſchäftigen; ſo haben ſie unter
92 892 805 938 andern, den Nuzen davon, daß ihnen die
90 936 832 993 Zeit nicht lang wird. Den̅ dieſes kan einem
90 980 821 1031 ſonſt verdrießlicher werden, als die See⸗
85 1018 480 1082 Reiſe an ſich ſelbſt iſt.
113 1062 792 1118 11.) Wen̅ man am Tage ſchläft, ſo wird
88 1105 823 1160 einem hernach die Nacht lang und ofte ſehr
94 1147 826 1210 beſchwerlich. Wer am Tage ſich im̅er zu thun
89 1202 816 1250 macht und in einer gewißen Geſchäftigkeit
88 1239 815 1296 bleibet, der hats in der Nacht leichter.
117 1280 829 1349 12.) Mit dem Schiffs⸗Volck freundlich und
