1000 1599
821 64 878 116 27.
90 120 216 164 eingeſpant-
90 130 817 190 \eingespant/ ten Ochſen auf dem Felde umfielen,
85 181 814 228 und einer ſtarb. Die Brüder waren
86 223 785 275 nicht weit davon im Buſch, wohin
91 271 806 320 ſie ſich vor dem Regen retirirt
83 312 808 366 hatten, und einer von ihnen war
88 357 806 412 kurz zuvor, bey den Ochſen ge⸗
70 402 803 448 weſen. Wir waren für die Be⸗
94 445 810 504 wahrung unſrer Brüder von Herzen
75 486 312 541 dankbar.
136 528 794 584 D. 20ten hatten wir das heilige
87 569 800 632 AbendMahl, wobey ſich unſer lieber
96 619 812 671 Herr, wie auch bey den übrigen
92 661 811 719 Verſam̅lungen, ſehr nahe fühlen ließ.
119 710 834 760 D. 24ten war uns der Him̅elfahrts⸗
88 752 815 808 Tag, ebenfalls ein ſehr ſeliger Feſt⸗
68 801 808 850 Tag, an dem zugleich das leſen
90 847 804 898 der Harmonie mit wahrem Segen
88 886 496 943 geendiget wurde.
