1000 1598
114 79 158 126 4.
168 148 876 211 daß ohne Seinen Willen auch kein Haar von
169 202 880 251 unſerm Haupte auf die Erde fallen kan.
170 244 888 300 Wie könte Er uns laßen, wen̅ wir unſre
169 283 623 348 Zuflucht zu Jhm nehmen?
192 328 896 385 Die Geſchwiſter werden wohl thun, wen̅
166 374 894 428 ſie auf der Reiſe, wo es ſeyn kan täglich
164 419 862 470 etwas aus der Bibel mit einander leſen.
163 458 923 527 Sie können auch eine Liturgie miteinander halten,
163 506 898 563 oder auch mit Geſang Gott loben, u. danken
163 551 901 604 und ſich untereinander erbauen. So klein
166 593 904 659 auch die Geſellſchaft iſt, ſo nöthig ſcheints
162 647 893 693 doch zu ſeyn, daß jemand ernan̅t werde,
157 687 889 746 der ſich dieſelbe laße empfohlen ſeyn. Es
156 730 896 781 werden alſo die Brüder Casp. Renner
158 768 931 824 und Meerboth ſich der ganzen nach Suriname
169 815 903 876 gehenden Geſellſchaft überhaupt, u. die Schw.
162 856 904 911 Anna Paulin ins beſondre der Ledigen Schwe⸗
170 901 887 957 ſtern, ſo wie Br. Kühn von Holland aus,
167 942 894 1007 der Thomaſer⸗Geſellſchaft, auf der Reiſe
178 997 356 1043 annehmen.
202 1028 889 1091 Ueberhaupt aber wird es Lieblich ſeyn,
146 1078 906 1136 wen̅ eines dem andern mit Ehrerbietigkeit
172 1120 881 1183 und Dienſtwilligkeit auf der ganzen Reiſe
171 1170 891 1225 zuvor kom̅t und jederman gerne der erſte
171 1218 802 1267 iſt, andern zu helfen und zu dienen.
185 1252 919 1312 Daß ja niemand was Zollbares oder Ver⸗
167 1297 919 1368 botenes bey ſich, oder unter ſeinen Sachen habe!
817 1336 884 1402 Er
