<?xml version="1.0" encoding="UTF-8" standalone="no"?>
<PcGts xmlns="http://schema.primaresearch.org/PAGE/gts/pagecontent/2019-07-15" xmlns:xsi="http://www.w3.org/2001/XMLSchema-instance" pcGtsId="GT-OCR-GN_1770_2__GN.A.148__10_cbace" xsi:schemaLocation="http://schema.primaresearch.org/PAGE/gts/pagecontent/2019-07-15 http://schema.primaresearch.org/PAGE/gts/pagecontent/2019-07-15/pagecontent.xsd">
  <Metadata externalRef="https://images.iiif.slub-dresden.de/iiif/2/data%2Fkitodo%2FNachaudeB_1766017886_1770_2%2FNachaudeB_1766017886_1770_2_tif%2Fjpegs%2F00000011.tif.medium.jpg/full/full/0/default.jpg">
    <Creator>escriptorium</Creator>
    <Created>2024-01-26T15:14:56</Created>
    <LastChange>2024-02-13T13:18:41</LastChange>
    <Comments/>
    <MetadataItem name="recognition/post-correction" type="processingStep" value="ocrd-cor-asv-ann-join">
      <Labels externalId="version" externalModel="ocrd-tool">
        <Label type="ocrd-cor-asv-ann-join" value="0.1.14"/>
        <Label type="ocrd/core" value="2.60.2.dev0+gac1f15b3.d20240125"/>
      </Labels>
    </MetadataItem>
  </Metadata>
  <Page imageFilename="10_cbace_default.jpg" imageHeight="1598" imageWidth="1000">
    <TextRegion custom="structure {type:text;}" id="eSc_textblock_5bf65be2">
      <Coords points="818,134 833,156 833,762 854,834 843,862 843,1060 829,1104 847,1218 843,1302 797,1355 170,1348 103,1362 88,1330 85,912 71,787 85,159 99,138 470,134"/>
      <TextLine custom="structure {type:default;}" id="eSc_line_5031085e">
        <Coords points="813,134 809,134 774,137 763,134 762,134 761,134 761,134 760,134 759,134 734,143 720,139 719,139 718,139 717,139 699,148 682,136 682,136 681,136 680,135 662,134 661,134 632,137 631,137 630,137 612,150 518,150 497,140 486,135 485,135 484,135 397,140 379,135 378,135 377,135 361,136 360,136 359,136 349,143 339,151 318,151 308,145 294,136 293,136 293,136 249,136 248,136 247,136 246,136 233,147 226,152 173,152 166,149 159,143 158,143 158,143 157,143 156,143 142,147 129,141 128,141 127,141 126,141 126,141 111,150 109,151 95,150 95,171 95,185 127,190 128,190 129,190 130,190 136,186 176,186 192,193 193,193 194,194 235,194 235,193 236,193 237,193 244,188 262,192 263,192 264,192 308,187 376,192 377,192 378,192 379,192 389,186 452,189 453,189 525,185 556,190 557,190 605,189 606,189 619,184 629,190 630,190 631,190 632,191 657,191 657,190 658,190 658,190 671,182 703,189 704,189 705,189 716,183 825,182 821,171 817,137 813,134"/>
        <Baseline points="95,171 254,176 821,171"/>
        <TextEquiv index="0">
          <Unicode>er kan sonſt, wen̅ er deswegen befragt wird u.</Unicode>
        </TextEquiv>
        <TextEquiv conf="0.9774" index="1">
          <Unicode>er kan sonſt, wen̅ er deswegen befragt wird u.</Unicode>
        </TextEquiv>
      </TextLine>
      <TextLine custom="structure {type:default;}" id="eSc_line_3090b5ec">
        <Coords points="92,216 92,234 224,232 230,235 242,239 243,239 244,239 245,239 254,235 259,232 262,235 270,240 271,240 272,240 273,240 274,240 275,240 282,235 285,232 309,232 315,235 322,239 323,239 324,239 325,239 365,235 366,235 384,246 385,246 386,246 387,247 459,247 459,246 460,246 460,246 474,237 497,237 509,246 510,246 511,246 512,247 544,247 544,246 545,246 564,238 582,246 583,246 584,247 627,247 627,246 628,246 657,235 667,231 689,234 690,235 706,245 707,245 708,245 709,245 710,245 734,235 736,235 737,235 761,245 762,245 763,245 764,245 780,237 819,235 834,226 818,197 792,197 792,197 769,186 768,186 767,186 766,186 746,196 744,197 739,196 673,185 672,185 671,185 646,192 629,186 628,186 627,186 626,186 611,190 567,186 566,186 565,186 550,191 534,186 533,186 474,186 473,186 472,186 457,193 445,197 332,192 331,192 330,192 308,197 282,191 281,191 280,191 279,191 278,191 269,199 229,199 170,189 153,187 152,187 91,188 92,216"/>
        <Baseline points="92,216 357,225 820,218"/>
        <TextEquiv index="0">
          <Unicode>er nicht ſagt, der ganzen Geſellſchaft Ungelegen⸗</Unicode>
        </TextEquiv>
        <TextEquiv conf="0.9823" index="1">
          <Unicode>er nicht ſagt, der ganzen Geſellſchaft Ungelegen⸗</Unicode>
        </TextEquiv>
      </TextLine>
      <TextLine custom="structure {type:default;}" id="eSc_line_cd3ae5e4">
        <Coords points="95,261 95,276 178,275 193,276 218,281 219,281 220,281 228,277 233,275 250,277 268,280 269,280 286,277 308,275 318,278 325,280 325,280 326,280 350,278 394,275 408,279 410,279 411,279 412,279 412,279 414,279 426,275 436,279 452,285 452,285 453,285 481,279 483,279 484,279 497,285 498,285 499,285 500,285 518,280 533,276 586,277 590,280 599,286 600,286 601,286 602,287 634,287 634,286 635,286 636,286 644,281 648,278 652,281 664,286 665,286 666,286 817,282 818,265 817,247 800,247 799,246 784,235 783,235 782,235 781,235 780,235 757,245 756,246 755,245 744,237 743,237 742,237 741,237 715,243 700,234 699,234 698,234 648,234 647,234 646,234 645,234 634,243 628,247 603,247 592,242 571,234 570,234 556,234 555,234 555,234 554,234 544,241 536,247 524,247 514,240 504,234 503,234 502,234 469,234 468,234 468,234 467,234 460,239 451,246 396,246 386,237 380,233 379,233 378,233 349,233 349,233 348,233 340,237 325,245 316,240 315,240 314,240 265,245 245,235 241,233 240,233 239,233 238,233 238,233 236,235 219,246 150,246 132,232 131,232 130,232 95,232 95,261"/>
        <Baseline points="95,261 348,267 818,265"/>
        <TextEquiv index="0">
          <Unicode>heit, und wen̅ ers ſagt, Verſäumniß zu ziehen.</Unicode>
        </TextEquiv>
        <TextEquiv conf="0.9943" index="1">
          <Unicode>heit, und wen̅ ers ſagt, Verſäumniß zu ziehen.</Unicode>
        </TextEquiv>
      </TextLine>
      <TextLine custom="structure {type:default;}" id="eSc_line_452ad06b">
        <Coords points="165,308 165,324 194,320 239,324 256,326 257,326 258,326 259,326 261,324 268,320 320,324 341,326 342,326 357,324 394,320 405,324 424,332 425,332 426,333 452,333 452,332 453,332 454,332 466,324 467,324 468,324 481,332 482,332 483,332 484,333 535,333 535,332 536,332 552,324 555,323 560,324 582,333 583,333 584,334 642,334 642,333 643,333 644,333 658,324 662,322 667,324 681,330 682,330 682,330 683,330 696,324 699,323 814,324 816,312 814,280 790,281 789,281 765,293 750,292 733,280 732,280 731,280 730,280 727,280 703,285 690,281 686,279 685,279 684,279 683,279 679,281 646,293 616,293 601,281 598,279 597,279 596,279 564,279 563,279 563,279 556,282 534,292 472,292 460,283 458,280 457,280 456,280 455,280 454,280 444,283 437,284 435,283 427,277 426,277 425,277 399,277 398,277 397,277 396,277 388,283 377,292 341,292 331,284 330,284 329,284 328,284 327,284 313,291 285,291 267,284 243,276 242,276 241,276 165,284 165,308"/>
        <Baseline points="165,308 816,312"/>
        <TextEquiv index="0">
          <Unicode>Was der See⸗Reiſe halber geſagt werden</Unicode>
        </TextEquiv>
        <TextEquiv conf="0.9898" index="1">
          <Unicode>Was der See⸗Reiſe halber geſagt werden</Unicode>
        </TextEquiv>
      </TextLine>
      <TextLine custom="structure {type:default;}" id="eSc_line_cbc613a3">
        <Coords points="87,349 87,361 168,363 185,371 186,371 187,371 188,371 212,363 214,362 218,363 238,371 238,371 239,371 272,364 329,364 339,371 340,371 341,371 341,371 377,364 385,363 434,363 436,365 446,371 447,371 448,371 449,371 450,371 461,365 466,363 509,363 537,365 538,366 548,373 549,373 550,373 551,374 590,374 590,373 591,373 592,373 602,367 608,363 618,367 636,374 637,374 638,375 716,375 716,374 717,374 730,368 740,364 759,364 765,369 772,374 773,374 774,374 775,374 811,369 812,355 812,333 746,333 744,332 728,320 727,320 726,320 661,320 660,320 659,320 658,320 644,331 641,332 588,332 584,330 564,319 563,319 551,319 550,319 549,319 548,319 535,329 531,332 493,332 487,329 476,323 475,323 474,323 473,323 461,328 456,332 410,332 397,327 367,318 366,318 365,318 365,318 333,326 316,331 306,326 289,318 288,318 202,317 201,317 200,317 199,317 190,324 190,325 189,324 179,318 178,318 177,318 176,318 87,323 87,349"/>
        <Baseline points="87,349 325,354 636,350 812,355"/>
        <TextEquiv index="0">
          <Unicode>möchte; ſolches iſt in einem dieſem Aufſaz bey⸗</Unicode>
        </TextEquiv>
        <TextEquiv conf="0.983" index="1">
          <Unicode>möchte; ſolches iſt in einem dieſem Aufſaz bey⸗</Unicode>
        </TextEquiv>
      </TextLine>
      <TextLine custom="structure {type:default;}" id="eSc_line_aad93124">
        <Coords points="95,395 96,417 126,405 214,405 227,414 230,417 230,417 231,417 232,417 233,417 239,414 253,408 265,413 270,416 271,416 272,416 273,416 284,413 315,405 372,411 376,411 377,411 388,411 476,405 483,409 493,417 494,417 495,417 496,418 523,418 523,417 523,417 524,417 536,408 539,406 542,408 552,417 553,417 554,417 555,418 621,418 621,417 622,417 623,417 623,416 629,411 642,415 643,415 644,415 645,415 667,405 667,395 667,376 644,376 631,363 631,363 630,363 629,363 608,363 607,363 606,363 577,376 556,376 516,363 515,363 515,363 514,363 487,371 475,367 474,367 473,367 432,375 422,366 422,365 421,365 420,365 396,363 375,363 374,363 373,363 373,363 361,372 346,363 345,363 344,363 263,363 262,363 261,363 261,363 261,363 247,376 182,376 168,363 168,363 167,363 166,363 155,363 154,363 153,363 152,363 152,363 139,376 95,376 95,395"/>
        <Baseline points="95,395 667,395"/>
        <TextEquiv index="0">
          <Unicode>gefügten Pro Memoria zu erſehen.</Unicode>
        </TextEquiv>
        <TextEquiv conf="0.9957" index="1">
          <Unicode>gefügten Pro Memoria zu erſehen..</Unicode>
        </TextEquiv>
      </TextLine>
      <TextLine custom="structure {type:default;}" id="eSc_line_3a5b0751">
        <Coords points="118,453 204,452 211,453 241,458 242,458 243,458 263,453 267,452 275,453 326,458 327,458 328,458 342,452 345,451 348,452 359,458 360,458 361,458 362,458 374,454 391,458 392,458 393,458 440,452 447,451 460,452 547,458 548,458 549,458 550,458 559,451 562,450 587,450 589,451 595,456 595,456 596,456 597,456 598,456 608,451 610,450 613,451 642,458 643,458 680,458 680,458 681,458 682,458 690,452 785,458 786,458 787,458 788,458 798,450 817,450 818,439 815,408 804,413 794,408 791,406 790,406 746,405 745,405 744,405 739,408 724,416 705,408 698,405 698,405 697,405 696,405 695,405 692,407 688,411 666,407 651,405 650,405 650,405 643,407 611,419 591,419 580,412 579,412 579,412 578,412 577,412 576,412 568,418 542,418 529,409 528,409 527,409 526,409 525,409 506,416 470,407 469,407 468,407 468,407 436,419 400,409 399,409 398,409 397,409 396,409 382,420 349,420 299,408 298,408 297,408 284,412 246,406 245,406 244,406 243,406 242,406 220,420 158,420 140,406 139,406 138,406 118,406 118,442 118,453"/>
        <Baseline points="118,442 516,443 818,439"/>
        <TextEquiv index="0">
          <Unicode>Der Heiland gebe nur Gnade, daß die Geschw.</Unicode>
        </TextEquiv>
        <TextEquiv conf="0.9935" index="1">
          <Unicode>Der Heiland gebe nur Gnade, daß die Geschw.</Unicode>
        </TextEquiv>
      </TextLine>
      <TextLine custom="structure {type:default;}" id="eSc_line_0e1e9442">
        <Coords points="96,479 96,494 137,494 138,494 155,506 156,506 157,506 158,507 187,507 187,506 188,506 215,495 218,494 222,495 247,506 248,506 249,507 357,507 357,506 358,506 373,499 402,506 403,506 404,506 428,498 444,493 492,493 516,499 517,499 518,499 519,499 520,499 533,495 547,499 553,502 554,502 555,502 567,500 603,493 613,500 613,501 614,501 615,501 653,506 654,506 655,506 665,501 680,493 765,493 784,503 785,503 785,504 812,504 813,482 809,452 799,458 785,452 785,452 784,452 783,452 782,452 740,466 714,466 696,452 695,451 694,451 693,451 692,451 687,452 672,456 658,452 658,452 657,452 656,452 655,452 654,452 629,466 607,460 606,460 605,460 560,466 548,460 547,460 547,460 546,460 545,460 536,466 488,466 466,452 465,451 464,451 463,451 462,451 461,451 458,452 435,461 412,461 398,452 396,451 396,451 395,451 394,451 393,451 390,452 359,466 315,466 286,452 284,451 283,451 253,451 252,451 251,451 250,451 248,452 231,463 214,452 212,451 211,451 210,451 209,451 95,452 96,479"/>
        <Baseline points="96,479 325,486 813,482"/>
        <TextEquiv index="0">
          <Unicode>auf ihrer Reiſe, ſo wol zur See als auch zu Lande,</Unicode>
        </TextEquiv>
        <TextEquiv conf="0.9797" index="1">
          <Unicode>auf ihrer Reiſe, ſo wol zur See als zuhz Lande,</Unicode>
        </TextEquiv>
      </TextLine>
      <TextLine custom="structure {type:default;}" id="eSc_line_80bc4759">
        <Coords points="94,522 93,535 219,537 232,547 233,547 234,547 235,547 236,547 264,539 286,543 287,543 311,538 329,549 330,549 331,549 332,550 369,550 369,549 370,549 420,537 428,542 429,542 430,542 431,542 476,541 494,550 495,550 496,551 552,551 552,550 553,550 580,540 599,549 600,549 601,549 602,549 622,541 634,551 634,551 635,551 636,552 703,552 703,551 704,551 705,551 722,540 726,544 727,544 728,544 729,544 730,544 751,538 831,548 833,530 825,506 809,502 809,502 808,502 807,502 806,502 801,506 793,512 776,512 759,505 738,498 737,498 695,498 694,498 693,498 681,504 670,509 655,506 654,506 653,506 652,506 634,511 611,511 597,503 595,501 595,501 594,501 593,501 592,501 589,502 586,504 581,502 565,497 564,497 501,497 500,497 500,497 499,497 492,501 476,511 459,511 412,503 412,503 411,503 399,506 390,499 388,497 387,497 386,497 365,496 364,496 363,496 357,498 333,509 316,503 315,503 314,503 313,503 312,503 303,510 262,510 234,497 231,496 230,496 198,495 197,495 196,495 193,496 170,509 152,509 133,495 132,495 131,495 94,495 94,522"/>
        <Baseline points="94,522 253,530 825,530"/>
        <TextEquiv index="0">
          <Unicode>Ein Herz und Eine Seele seyn, und ſich in unge⸗</Unicode>
        </TextEquiv>
        <TextEquiv conf="0.9763" index="1">
          <Unicode>Ein Herz und Eine Seele seyn, und ſich in unge⸗</Unicode>
        </TextEquiv>
      </TextLine>
      <TextLine custom="structure {type:default;}" id="eSc_line_a5bca981">
        <Coords points="806,539 715,539 714,539 714,539 713,539 713,540 695,553 661,546 660,546 659,546 648,553 638,545 637,545 636,545 635,545 605,548 595,541 592,539 591,539 590,539 561,539 560,539 559,539 558,539 555,542 537,553 492,552 475,543 467,538 466,538 465,538 442,539 441,539 440,539 435,543 420,553 387,553 374,545 373,545 373,545 342,552 332,544 324,538 323,538 322,538 265,538 264,538 263,538 262,538 254,545 245,553 201,553 190,545 180,538 179,538 178,538 177,538 176,538 157,546 142,552 102,552 96,546 95,569 95,588 130,583 157,583 165,588 165,589 166,589 166,589 167,589 218,588 219,588 220,588 228,583 283,588 285,588 286,588 288,588 325,584 334,588 336,589 337,589 338,589 343,588 368,583 399,588 406,589 407,589 415,588 451,583 466,588 471,590 472,590 473,591 519,591 519,590 520,590 521,590 523,588 528,585 549,588 557,589 558,589 559,589 562,588 571,584 586,588 594,590 595,590 595,591 645,591 645,590 646,590 652,588 665,584 678,588 685,590 686,590 687,590 703,588 731,584 806,587 808,568 806,539"/>
        <Baseline points="95,569 557,573 808,568"/>
        <TextEquiv index="0">
          <Unicode>färbter Bruder⸗Liebe als Kinder⸗Gottes</Unicode>
        </TextEquiv>
        <TextEquiv conf="0.9756" index="1">
          <Unicode>färbter Bruder⸗Liebe als Kinder⸗Gottes</Unicode>
        </TextEquiv>
      </TextLine>
      <TextLine custom="structure {type:default;}" id="eSc_line_c4f54527">
        <Coords points="87,614 87,622 102,630 103,630 172,631 173,631 210,624 270,633 271,633 272,633 287,626 295,632 296,632 297,632 333,635 334,635 374,627 375,620 373,599 364,603 326,599 324,599 323,599 321,599 294,602 265,599 238,595 237,595 236,595 227,599 222,601 220,599 207,586 207,585 206,585 206,585 205,585 204,585 171,597 158,585 158,585 157,585 156,585 114,584 113,584 112,584 111,584 111,585 96,599 87,599 87,614"/>
        <Baseline points="87,614 375,620"/>
        <TextEquiv index="0">
          <Unicode>beweiſen mögen.</Unicode>
        </TextEquiv>
        <TextEquiv conf="0.997" index="1">
          <Unicode>beweiſen mögen.</Unicode>
        </TextEquiv>
      </TextLine>
      <TextLine custom="structure {type:default;}" id="eSc_line_6945337b">
        <Coords points="107,672 157,672 158,672 174,678 175,678 176,678 305,677 306,677 307,677 317,670 318,670 373,670 380,670 392,676 393,676 394,676 428,675 429,675 444,669 459,675 460,675 460,675 551,668 590,674 591,674 636,668 655,673 656,673 657,673 706,669 721,672 722,672 722,672 723,672 724,672 730,668 787,672 788,672 826,678 834,660 824,624 734,620 733,620 732,620 731,620 723,626 722,626 703,621 702,621 701,621 700,621 699,621 692,626 668,621 667,621 666,621 647,628 617,640 593,630 574,622 573,622 572,622 488,623 487,623 462,634 457,636 452,634 420,623 419,623 418,623 417,623 416,623 397,636 388,643 353,643 345,638 339,632 338,632 337,632 336,632 335,632 322,638 309,643 224,643 222,641 213,635 212,635 211,635 210,635 209,635 191,642 185,645 107,645 107,661 107,672"/>
        <Baseline points="107,661 309,664 825,657"/>
        <TextEquiv index="0">
          <Unicode>Bringt Er euch glücklich an Ort und Stelle,</Unicode>
        </TextEquiv>
        <TextEquiv conf="0.9748" index="1">
          <Unicode>Bringt Er euch glücklich an Ort und Stelle</Unicode>
        </TextEquiv>
      </TextLine>
      <TextLine custom="structure {type:default;}" id="eSc_line_a38a0cee">
        <Coords points="824,702 821,677 789,682 777,676 756,667 755,667 626,667 626,667 625,667 605,676 595,681 586,676 573,668 572,668 571,668 571,668 526,673 518,668 517,668 516,668 489,668 488,668 487,668 471,676 456,684 416,684 404,675 401,673 400,673 399,673 377,671 376,671 375,671 366,675 351,684 327,685 289,685 280,679 279,679 278,679 277,679 277,679 276,679 267,685 237,685 224,678 223,678 222,678 222,678 201,684 165,675 149,672 148,672 147,672 141,675 128,682 112,682 91,675 90,697 92,722 105,714 198,714 225,720 237,722 238,722 269,719 296,717 301,719 327,730 328,730 329,730 357,729 358,729 359,729 373,719 382,727 383,727 384,727 385,727 386,727 417,717 423,715 426,717 431,720 432,720 433,720 434,720 435,720 445,718 460,729 461,729 462,729 463,730 523,730 523,729 524,729 553,719 571,728 572,728 573,729 596,729 596,728 597,728 598,728 618,714 620,712 629,713 652,717 653,717 673,713 676,712 678,713 708,728 709,728 710,729 761,729 761,728 761,728 762,728 786,712 811,717 812,717 813,717 814,717 824,711 824,702"/>
        <Baseline points="90,697 220,705 348,706 824,702"/>
        <TextEquiv index="0">
          <Unicode>wie wir wünſchen u. hoffen; ſo laße Er euch</Unicode>
        </TextEquiv>
        <TextEquiv conf="0.9816" index="1">
          <Unicode>wie wir wünſchen u. hoffen; ſo laße Er euch</Unicode>
        </TextEquiv>
      </TextLine>
      <TextLine custom="structure {type:default;}" id="eSc_line_91a905b7">
        <Coords points="95,746 95,764 196,762 198,763 204,767 205,767 206,767 206,767 207,767 218,763 223,761 262,761 266,763 275,768 276,768 277,768 277,768 278,768 287,764 326,765 346,775 347,775 348,775 414,775 415,775 432,765 440,771 441,771 442,771 443,771 473,770 507,763 521,774 522,774 523,774 523,775 559,775 559,774 560,774 561,774 570,767 582,771 583,771 584,771 585,771 608,759 618,759 628,759 629,759 645,767 646,767 647,767 648,767 662,762 695,773 696,773 697,774 725,774 725,773 761,772 762,772 785,763 796,767 797,767 798,767 799,767 823,757 823,746 821,716 806,714 805,714 804,714 803,714 801,716 784,727 771,719 770,719 769,719 769,719 768,719 755,729 726,729 700,717 698,716 698,716 697,716 696,716 695,716 694,717 680,727 647,719 646,719 645,719 626,730 600,730 558,726 557,726 479,730 465,724 464,724 463,724 462,724 449,727 438,719 436,717 435,717 434,717 433,717 408,719 391,721 382,719 366,717 365,717 365,717 364,717 360,720 344,733 323,733 302,720 300,719 299,719 298,719 278,718 277,718 188,719 187,719 181,722 161,732 143,722 136,719 135,719 134,719 95,722 95,746"/>
        <Baseline points="95,746 305,753 823,746"/>
        <TextEquiv index="0">
          <Unicode>den dortigen Geschwiſtern zur Freude, zum</Unicode>
        </TextEquiv>
        <TextEquiv conf="0.9853" index="1">
          <Unicode>den dortigen Geschwiſtern zur Freude, zum</Unicode>
        </TextEquiv>
      </TextLine>
      <TextLine custom="structure {type:default;}" id="eSc_line_3a4ce81b">
        <Coords points="662,775 649,777 643,775 635,771 634,771 634,771 633,771 626,775 621,777 603,774 597,773 596,773 588,774 567,775 558,773 551,770 550,770 549,770 548,770 544,772 535,776 530,772 516,761 515,761 515,761 468,761 467,761 466,761 465,761 459,766 431,761 430,761 429,761 415,769 398,778 343,778 321,767 318,766 317,766 317,766 316,766 314,767 296,775 237,777 212,764 206,761 206,761 166,761 165,761 164,761 160,763 137,773 126,762 126,761 125,761 124,761 86,761 86,790 87,807 97,802 166,802 172,806 172,807 173,807 174,807 174,807 176,807 200,803 215,807 224,810 225,810 226,810 227,810 237,807 249,804 256,807 262,811 263,811 264,811 265,811 266,811 271,807 280,802 289,807 296,811 297,811 298,812 357,812 357,811 358,811 365,807 375,802 388,807 396,811 396,811 397,812 429,812 429,811 430,811 431,811 436,807 440,805 451,807 464,811 465,811 466,811 467,811 468,811 473,807 482,802 488,806 489,806 490,806 491,807 491,806 492,806 492,806 499,802 505,806 506,806 507,806 507,806 542,802 579,807 579,807 580,807 581,807 595,802 603,807 603,808 603,808 604,808 605,808 611,807 640,803 663,807 665,792 662,775"/>
        <Baseline points="86,790 302,797 665,792"/>
        <TextEquiv index="0">
          <Unicode>Troſt und zur Hülfe werden.</Unicode>
        </TextEquiv>
        <TextEquiv conf="0.9819" index="1">
          <Unicode>Troſt und zur Hülfe werden.</Unicode>
        </TextEquiv>
      </TextLine>
      <TextLine custom="structure {type:default;}" id="eSc_line_8cd02160">
        <Coords points="153,838 154,854 168,847 220,853 227,854 228,854 232,853 256,847 333,852 348,853 349,853 357,852 394,846 402,852 404,854 405,854 406,854 407,854 408,854 412,852 419,848 424,851 430,854 431,854 432,854 508,854 509,854 516,851 528,846 555,850 561,851 562,851 563,851 565,850 577,846 587,850 589,851 590,851 591,851 615,850 654,847 658,849 662,854 663,854 664,854 665,854 697,853 698,853 698,853 703,849 706,846 714,849 729,853 730,853 730,853 731,853 744,848 755,845 834,847 836,834 834,800 817,800 817,800 816,800 815,800 801,811 786,805 785,805 785,805 764,807 754,800 753,800 753,800 752,800 640,801 639,801 638,801 634,806 620,802 619,802 619,802 618,802 595,814 579,806 578,806 577,806 547,813 504,801 501,801 500,801 500,801 499,801 498,801 484,813 470,808 469,808 468,808 468,808 467,808 457,816 411,816 401,809 400,809 399,809 398,809 380,813 363,802 362,802 361,802 360,802 359,802 358,802 323,817 248,817 238,808 237,808 236,808 235,808 215,811 206,806 206,806 205,806 178,813 166,803 165,803 164,803 163,803 152,803 153,838"/>
        <Baseline points="153,838 836,834"/>
        <TextEquiv index="0">
          <Unicode>Wir wollen euch aber gebeten haben, daß</Unicode>
        </TextEquiv>
        <TextEquiv conf="0.9803" index="1">
          <Unicode>Wir wollen euch aber gebeten haben, daß</Unicode>
        </TextEquiv>
      </TextLine>
      <TextLine custom="structure {type:default;}" id="eSc_line_a0a6ee1c">
        <Coords points="97,878 97,905 158,905 158,904 159,904 160,904 161,903 182,889 213,893 214,893 274,890 309,896 309,896 427,892 444,897 465,905 466,905 467,906 491,906 491,905 492,905 492,905 505,896 510,893 515,896 530,905 531,905 531,905 532,906 588,906 588,905 589,905 590,905 604,893 609,891 615,893 639,905 640,905 641,906 665,906 665,905 666,905 666,905 681,894 692,899 693,899 694,899 695,899 712,892 716,890 816,890 817,878 813,848 781,859 755,848 754,848 753,848 698,848 697,848 696,848 695,848 694,849 681,857 671,853 670,853 669,853 668,853 639,862 616,862 597,850 596,850 595,850 595,850 594,850 558,862 452,862 435,851 432,848 431,848 430,848 429,848 362,849 361,849 360,849 357,851 341,862 302,859 293,852 288,848 287,848 286,848 285,848 285,848 270,852 256,855 248,852 241,849 240,849 239,849 238,849 230,852 204,862 171,862 155,853 144,847 143,847 142,847 97,853 97,878"/>
        <Baseline points="97,878 531,883 817,878"/>
        <TextEquiv index="0">
          <Unicode>ihr ja nicht dencken möget, ihr müßtet es</Unicode>
        </TextEquiv>
        <TextEquiv conf="0.9897" index="1">
          <Unicode>ihr ja nicht dencken möget, ihr müßtet es</Unicode>
        </TextEquiv>
      </TextLine>
      <TextLine custom="structure {type:default;}" id="eSc_line_28acfe07">
        <Coords points="93,924 93,936 141,936 142,936 164,943 165,943 166,943 222,936 226,936 238,944 239,944 240,944 241,944 281,940 372,944 373,944 414,936 422,934 435,935 460,939 461,939 462,939 472,935 476,934 483,935 518,943 519,943 580,941 581,941 598,935 601,934 606,935 640,941 641,941 677,937 701,941 702,941 703,941 714,935 717,933 720,935 728,939 729,939 730,939 730,939 740,935 746,932 811,932 818,934 828,939 829,939 830,939 831,939 841,934 841,921 839,901 801,905 785,901 748,893 690,893 690,893 674,893 674,893 673,893 659,902 653,907 628,907 623,903 614,896 613,896 612,896 611,896 611,896 592,903 584,907 548,907 543,903 523,893 522,893 521,893 497,894 496,894 477,904 473,907 469,904 459,896 458,896 457,896 456,896 455,896 438,904 435,906 428,905 387,895 346,895 345,895 289,906 282,908 222,909 218,907 204,896 203,896 202,896 183,896 182,896 182,896 162,907 158,909 133,909 130,907 118,898 117,898 116,898 115,898 114,898 92,906 93,924"/>
        <Baseline points="93,924 382,927 841,921"/>
        <TextEquiv index="0">
          <Unicode>in den Carybischen Inſeln, oder in Suriname</Unicode>
        </TextEquiv>
        <TextEquiv conf="0.9871" index="1">
          <Unicode>in den Carybischen Inſeln, oder in Surinarme</Unicode>
        </TextEquiv>
      </TextLine>
      <TextLine custom="structure {type:default;}" id="eSc_line_81a6a06f">
        <Coords points="94,968 94,987 149,980 217,986 228,986 229,986 234,985 276,978 307,984 317,986 317,986 318,986 326,984 351,978 416,982 417,982 465,978 477,982 484,984 484,984 485,984 486,984 487,984 491,981 496,979 507,981 527,986 528,986 594,980 605,980 612,980 663,986 664,986 665,986 677,979 679,979 703,979 705,979 734,986 735,986 736,986 753,979 804,977 805,965 804,947 786,939 785,939 785,939 753,945 730,939 729,939 638,939 637,939 636,939 619,944 603,939 603,939 602,939 601,939 600,939 588,947 585,947 557,948 555,947 540,939 539,939 539,939 538,939 509,947 497,949 477,947 466,945 465,945 464,945 463,945 461,947 457,950 359,950 352,947 342,942 341,942 341,942 340,942 326,947 325,947 325,947 313,939 312,939 311,939 292,939 291,939 290,939 289,939 278,947 273,950 150,950 142,947 124,940 123,940 122,940 93,946 94,968"/>
        <Baseline points="94,968 600,970 805,965"/>
        <TextEquiv index="0">
          <Unicode>im äußerlichen so finden, oder haben, wie</Unicode>
        </TextEquiv>
        <TextEquiv conf="0.9899" index="1">
          <Unicode>im äußerlichen so finden, oder haben, wie</Unicode>
        </TextEquiv>
      </TextLine>
      <TextLine custom="structure {type:default;}" id="eSc_line_83be19bd">
        <Coords points="101,1015 102,1039 134,1025 199,1029 200,1029 306,1025 331,1037 333,1038 334,1038 335,1038 345,1037 394,1028 406,1036 407,1036 408,1036 409,1036 410,1036 411,1036 441,1028 458,1036 459,1036 460,1036 460,1036 482,1025 520,1036 528,1037 529,1037 530,1037 561,1036 562,1036 563,1036 563,1035 576,1028 589,1035 595,1037 595,1037 596,1038 627,1038 627,1037 628,1037 637,1034 662,1025 684,1029 685,1029 708,1026 721,1034 726,1037 727,1037 728,1037 729,1038 785,1038 785,1037 785,1037 786,1037 792,1033 797,1029 823,1032 825,1013 823,980 763,979 762,979 761,979 760,980 746,987 679,980 670,979 669,979 668,979 667,979 666,980 651,989 639,981 638,981 637,981 636,981 635,981 606,994 560,994 512,980 508,979 507,979 462,979 461,979 460,979 460,979 459,980 436,995 388,995 360,980 359,980 358,980 357,980 357,980 356,980 328,994 308,989 307,989 306,989 291,994 261,981 261,981 260,981 259,981 232,995 159,995 141,983 140,983 139,983 100,980 101,1015"/>
        <Baseline points="101,1015 825,1013"/>
        <TextEquiv index="0">
          <Unicode>ihrs in euren Chorhäuſern gewohnt worden ſeyd.</Unicode>
        </TextEquiv>
        <TextEquiv conf="0.9779" index="1">
          <Unicode>ihrs in euren Chorhäuſern gewohnt worden ſeyd.</Unicode>
        </TextEquiv>
      </TextLine>
      <TextLine custom="structure {type:default;}" id="eSc_line_b580572d">
        <Coords points="92,1067 135,1067 153,1075 154,1075 155,1076 228,1076 228,1075 229,1075 230,1075 236,1071 262,1075 263,1075 264,1075 293,1067 320,1072 321,1072 352,1067 364,1074 365,1074 365,1074 395,1067 439,1075 440,1075 486,1067 487,1067 503,1075 504,1075 505,1075 523,1075 523,1075 524,1075 525,1075 533,1068 595,1067 599,1067 618,1072 619,1072 619,1072 620,1072 633,1067 677,1073 678,1073 715,1068 724,1074 725,1074 726,1074 727,1074 728,1074 755,1067 806,1072 807,1072 808,1072 827,1066 827,1056 825,1023 811,1023 810,1023 809,1023 809,1023 791,1036 739,1036 719,1025 718,1024 717,1024 698,1024 698,1024 697,1024 694,1025 671,1034 643,1029 642,1029 642,1029 641,1029 630,1036 599,1036 575,1027 571,1026 571,1026 570,1026 569,1026 564,1027 539,1035 527,1028 522,1025 521,1025 520,1025 519,1025 511,1028 507,1029 501,1028 483,1024 482,1024 481,1024 470,1028 455,1036 404,1036 392,1030 384,1025 383,1025 382,1025 370,1025 369,1025 368,1025 367,1025 358,1030 349,1036 296,1033 294,1032 285,1025 285,1025 284,1025 192,1025 191,1025 136,1032 125,1026 124,1026 123,1026 122,1026 121,1026 109,1035 107,1036 92,1036 92,1054 92,1067"/>
        <Baseline points="92,1054 280,1060 827,1056"/>
        <TextEquiv index="0">
          <Unicode>Es iſt ſolches nicht möglich, und wen̅ es jemand</Unicode>
        </TextEquiv>
        <TextEquiv conf="0.9943" index="1">
          <Unicode>Es iſt ſolches nicht möglich, und wen̅ es jemand</Unicode>
        </TextEquiv>
      </TextLine>
      <TextLine custom="structure {type:default;}" id="eSc_line_dc3cc4d1">
        <Coords points="92,1101 92,1114 151,1114 164,1120 165,1120 166,1120 314,1114 355,1125 356,1125 357,1126 395,1126 395,1125 396,1125 438,1115 481,1125 482,1125 483,1125 484,1125 500,1117 509,1125 510,1125 511,1125 512,1126 581,1126 581,1125 582,1125 601,1117 624,1124 625,1124 626,1124 626,1124 655,1115 743,1117 780,1125 781,1125 782,1125 819,1113 819,1101 818,1071 790,1076 777,1072 776,1071 775,1071 735,1071 734,1071 733,1071 732,1071 730,1073 707,1086 687,1074 686,1073 685,1073 684,1073 683,1073 682,1073 678,1074 664,1077 652,1075 639,1071 638,1071 637,1071 636,1071 629,1075 623,1078 618,1075 611,1072 611,1072 610,1072 609,1072 599,1075 593,1071 592,1071 591,1071 540,1071 539,1071 539,1071 538,1071 531,1076 502,1071 501,1071 500,1071 500,1071 490,1078 476,1087 380,1087 368,1081 357,1075 357,1075 356,1075 355,1075 354,1075 347,1081 340,1087 314,1087 305,1082 285,1071 285,1071 284,1071 283,1071 261,1083 254,1086 228,1083 206,1082 206,1082 205,1082 194,1084 187,1086 184,1084 167,1075 166,1075 166,1075 165,1075 145,1085 137,1082 136,1082 135,1082 92,1086 92,1101"/>
        <Baseline points="92,1101 819,1101"/>
        <TextEquiv index="0">
          <Unicode>erwartet und hernach nicht ſo haben kan; ſo</Unicode>
        </TextEquiv>
        <TextEquiv conf="0.9785" index="1">
          <Unicode>erwartet und hernach nicht ſo haben kan, ſo</Unicode>
        </TextEquiv>
      </TextLine>
      <TextLine custom="structure {type:default;}" id="eSc_line_5b5611ac">
        <Coords points="88,1145 88,1157 140,1157 158,1166 158,1166 159,1166 160,1166 172,1160 182,1162 183,1162 184,1162 214,1157 220,1156 257,1156 259,1157 280,1166 281,1166 282,1166 283,1166 305,1159 313,1165 314,1165 315,1165 316,1165 359,1157 370,1155 380,1157 422,1164 423,1164 424,1164 449,1157 460,1154 481,1157 534,1164 535,1164 617,1163 618,1163 628,1157 631,1156 639,1157 669,1162 670,1162 691,1157 697,1156 700,1157 713,1162 714,1162 714,1162 749,1157 766,1155 813,1157 814,1143 811,1113 753,1120 741,1113 741,1112 740,1112 739,1112 712,1111 711,1111 710,1111 705,1113 685,1119 674,1113 671,1110 670,1110 669,1110 668,1110 667,1110 666,1110 663,1113 653,1118 594,1115 593,1115 592,1115 564,1123 500,1123 478,1113 476,1112 475,1112 428,1112 427,1112 426,1112 425,1112 424,1113 408,1123 367,1123 348,1113 345,1112 344,1112 343,1112 272,1113 271,1113 270,1113 251,1123 220,1123 207,1114 206,1114 206,1114 147,1114 146,1114 145,1114 144,1114 134,1121 87,1114 88,1145"/>
        <Baseline points="88,1145 335,1150 814,1143"/>
        <TextEquiv index="0">
          <Unicode>wird er Confus und hernach zu dem, was</Unicode>
        </TextEquiv>
        <TextEquiv conf="0.9955" index="1">
          <Unicode>wird er Confus und hernach zu dem, was</Unicode>
        </TextEquiv>
      </TextLine>
      <TextLine custom="structure {type:default;}" id="eSc_line_a34872ef">
        <Coords points="820,1156 727,1156 726,1156 725,1156 690,1172 668,1172 624,1171 617,1165 616,1165 615,1165 614,1165 538,1170 513,1155 513,1154 512,1154 511,1154 488,1154 487,1154 486,1154 485,1154 462,1168 441,1170 408,1154 407,1154 406,1154 405,1154 404,1154 404,1154 389,1161 357,1154 349,1154 349,1154 348,1154 346,1154 315,1170 272,1170 238,1154 237,1154 236,1154 215,1154 214,1154 214,1154 213,1154 197,1162 175,1154 171,1153 170,1153 169,1153 168,1153 167,1153 166,1154 149,1164 137,1162 136,1162 135,1162 134,1162 120,1168 99,1154 97,1187 98,1209 131,1200 198,1207 198,1207 199,1207 220,1201 238,1208 240,1209 241,1209 242,1209 249,1208 271,1203 277,1208 287,1214 288,1214 289,1214 290,1214 291,1214 309,1208 324,1214 325,1214 325,1215 352,1215 352,1214 353,1214 354,1214 364,1207 366,1205 372,1207 378,1209 379,1209 380,1209 380,1209 381,1209 384,1207 393,1202 403,1206 404,1207 405,1207 406,1207 411,1206 431,1202 437,1206 452,1215 452,1215 453,1215 454,1215 511,1206 523,1216 524,1216 525,1216 526,1216 566,1207 579,1216 579,1216 580,1216 705,1217 706,1217 706,1217 707,1217 725,1203 727,1203 820,1203 821,1189 820,1156"/>
        <Baseline points="97,1187 573,1193 821,1189"/>
        <TextEquiv index="0">
          <Unicode>er da für den Heiland thun ſoll, ungeſchickt u.</Unicode>
        </TextEquiv>
        <TextEquiv conf="0.9827" index="1">
          <Unicode>er da für den Heiland thun ſoll, ungeſchickt u.</Unicode>
        </TextEquiv>
      </TextLine>
      <TextLine custom="structure {type:default;}" id="eSc_line_fb2b9134">
        <Coords points="93,1234 92,1249 116,1247 126,1251 131,1254 132,1254 133,1254 134,1254 140,1252 150,1250 167,1254 178,1256 179,1256 180,1256 181,1256 182,1255 189,1249 196,1256 197,1256 198,1256 198,1256 199,1256 200,1256 209,1251 261,1258 262,1241 262,1215 254,1207 254,1206 253,1206 253,1206 238,1205 238,1205 188,1214 173,1203 172,1203 171,1203 170,1203 169,1203 168,1203 150,1217 145,1219 93,1218 93,1234"/>
        <Baseline points="93,1234 262,1241"/>
        <TextEquiv index="0">
          <Unicode>untüchtig.</Unicode>
        </TextEquiv>
        <TextEquiv conf="0.9991" index="1">
          <Unicode>untüchtig.</Unicode>
        </TextEquiv>
      </TextLine>
      <TextLine custom="structure {type:default;}" id="eSc_line_751233be">
        <Coords points="139,1277 139,1287 188,1287 210,1295 211,1295 212,1295 213,1295 228,1287 245,1294 246,1294 246,1294 247,1294 263,1287 277,1293 278,1293 279,1293 315,1287 329,1294 330,1294 331,1294 332,1294 333,1294 343,1287 353,1294 354,1294 355,1294 356,1294 396,1291 405,1298 406,1298 407,1298 408,1299 452,1299 452,1298 452,1298 453,1298 460,1292 507,1288 560,1296 561,1296 562,1296 563,1296 572,1289 584,1294 585,1294 586,1294 641,1290 675,1297 676,1298 756,1298 756,1297 757,1297 758,1297 775,1285 833,1285 833,1273 829,1249 809,1255 789,1249 759,1239 758,1239 653,1239 652,1239 595,1244 581,1240 580,1240 579,1240 579,1240 578,1240 564,1249 552,1256 482,1255 470,1249 454,1240 453,1240 452,1240 452,1240 434,1249 421,1255 386,1257 359,1249 358,1249 357,1249 331,1253 320,1249 304,1241 303,1241 273,1241 272,1241 271,1241 270,1241 261,1249 249,1257 167,1257 156,1249 154,1247 153,1247 152,1247 151,1247 138,1248 139,1277"/>
        <Baseline points="139,1277 565,1279 833,1273"/>
        <TextEquiv index="0">
          <Unicode>Die Geſchw. nehmen wol etwas Arzney mit</Unicode>
        </TextEquiv>
        <TextEquiv conf="0.9663" index="1">
          <Unicode>Die Geſchw. nehmen wol etwas Arzuey mit</Unicode>
        </TextEquiv>
      </TextLine>
      <TextLine custom="structure {type:default;}" id="eSc_line_6077ec3b">
        <Coords points="96,1322 95,1338 132,1339 147,1349 148,1349 149,1349 150,1349 150,1349 151,1349 160,1342 198,1349 198,1349 199,1349 200,1349 212,1342 214,1341 252,1341 255,1343 271,1351 272,1351 273,1351 346,1345 379,1352 380,1352 380,1352 381,1352 389,1345 394,1343 414,1343 423,1346 436,1352 436,1352 437,1352 472,1348 496,1344 502,1348 506,1351 507,1351 507,1351 508,1351 509,1351 517,1349 531,1345 539,1349 545,1352 546,1352 547,1352 577,1350 586,1350 593,1351 616,1354 617,1354 618,1354 626,1352 645,1344 702,1344 723,1344 739,1354 740,1355 741,1355 742,1355 743,1356 803,1356 804,1329 802,1296 773,1307 729,1305 719,1297 718,1297 717,1297 716,1297 680,1302 671,1296 668,1294 667,1294 666,1294 666,1294 656,1296 648,1297 630,1296 595,1293 594,1293 593,1293 583,1297 574,1299 563,1297 555,1295 555,1295 554,1295 553,1295 552,1295 550,1297 534,1305 507,1297 495,1293 494,1293 493,1293 492,1293 484,1297 466,1305 442,1297 441,1297 440,1297 439,1297 423,1305 406,1297 396,1292 395,1292 372,1291 371,1291 370,1291 357,1297 342,1304 324,1297 323,1297 322,1297 321,1297 308,1304 226,1304 209,1297 185,1289 184,1289 183,1289 150,1294 142,1290 142,1290 141,1290 140,1290 139,1290 128,1297 124,1300 96,1298 96,1322"/>
        <Baseline points="96,1322 804,1329"/>
        <TextEquiv index="0">
          <Unicode>auf die Reiſe, u. wen̅ ſie der Heiland nach</Unicode>
        </TextEquiv>
        <TextEquiv conf="0.9873" index="1">
          <Unicode>auf die Reiſe, u. wen̅ ſie der Heiland nach</Unicode>
        </TextEquiv>
      </TextLine>
      <TextEquiv>
        <Unicode/>
      </TextEquiv>
    </TextRegion>
    <TextRegion custom="structure {type:text;}" id="eSc_textblock_530ea208">
      <Coords points="893,67 896,98 858,116 844,105 844,78 864,63"/>
      <TextLine custom="structure {type:default;}" id="eSc_line_f681bf47">
        <Coords points="883,66 851,67 851,78 851,115 886,109 886,78 885,77 883,66"/>
        <Baseline points="850,103 885,103"/>
        <TextEquiv index="0">
          <Unicode>5.</Unicode>
        </TextEquiv>
        <TextEquiv conf="0.999" index="1">
          <Unicode>de</Unicode>
        </TextEquiv>
      </TextLine>
      <TextEquiv>
        <Unicode/>
      </TextEquiv>
    </TextRegion>
  </Page>
</PcGts>
