1000 1599
820 69 879 124 63.
71 129 826 190 einen lieblichen Abſchied gemacht, u. die Abend⸗
72 171 809 237 mahls⸗Gemeine den Kelch zu neuer Verbin⸗
73 208 801 285 dung gehabt hatte. Das Aufſeher⸗Colle⸗
72 260 791 325 gium war zu Anfang des Monats Dec.
72 305 800 369 zum erſten mal bey ſam̅en und wir müßen
69 350 804 413 überhaupt anmercken, daß in den verſchie⸗
73 397 778 453 denen Conferenzen Liebe und Einigkeit
79 440 793 501 regirt u. denſelben das Wohl der Gemeine
73 477 816 540 am Herzen liegt. Am 17tn Jan. kamen Geſchw. Syms
74 525 820 597 an Geſchw. Worthingtons Stelle u. Geſchw. Moriz
78 567 781 631 v. Dohna mit Br. Dietrich bey uns an. Das
74 609 802 680 öffentliche Zeugniß von unſers Herrn blutigen
82 665 803 723 Marter und Todt iſt ſo wol an den Herzen
81 707 817 761 der Gemeine, als an aus wärtigen beſuchenden
77 743 792 804 mit Segen begleitet. Leztre finden ſich
77 791 786 853 hauptſächlich an Sontagen die Menge hier
72 834 812 894 ein und wir haben, ſonderlich zur Chriſtnacht
75 883 783 941 und den Weynachtsfeyertagen eine ganz
74 930 768 985 ungewöhnliche Anzahl Attenter Zuhörer von
79 968 808 1029 ihnen bey uns gehabt. So wie wir das alte
78 1010 824 1081 Jahr im Friede unſers Herrn ſeliglich beschloſ⸗
80 1060 800 1123 ſen haben, ſo fingen wir auch darin̅ das
72 1105 776 1158 neue Jahr an, und empfahlen uns ſo wol in
70 1145 829 1199 den Gemein⸗ als Chor⸗Verſam̅lungen der Gnade
80 1192 777 1244 unſers lieben Herrn Jeſu Chriſti und der
86 1230 800 1288 Liebe Gottes und der Gemeinſchaft des heiln
85 1277 826 1353 Geiſtes. Auch war am Neu⸗Jahrs⸗Tage abends
