1000 1599
126 71 180 118 48.
172 135 908 203 unſre Jndianer Geschwiſter durch die Hülfe
179 192 899 247 des Heilands, Gottlob! nunmehro curirt
178 236 893 289 haben; und wie wol ich noch nichts thun
180 280 902 332 oder vornehmen kan, ſo beßerts ſichs
181 324 912 381 doch von Tag zu Tag. Vor etwa 5 Tagen
179 366 901 429 konte ich noch nicht die Feder führen, den̅
178 415 880 466 meine Arme und Hände waren ganz
178 451 308 510 gelähmt.
231 479 886 547 2.) Von Br. Brukſhaw in Barbadoes
305 539 764 589 vom 21ten Mart. 1770.
250 581 875 638 Wir haben ſeit dem Januar. 1769
177 620 888 682 keine Taufe gehabt, und es ſcheint, daß
178 665 892 736 izt die Zeit iſt, das Nez auszuwerfen,
177 716 849 777 aber nicht die Fische auszuſondern.
181 764 880 820 Die Zeit hierzu wird nach und nach auch
176 806 912 872 kom̅en. Unterdeß iſt uns die kleine An⸗
176 847 880 908 zahl Brüder und Schweſtern in Warheit
178 893 873 952 zur Freude, und allen denen, die ſie
176 937 896 994 kennen, zur Erbauung. Der Heiland legt
176 982 904 1041 einen beſondern Segen auf die Verkündigung
174 1029 896 1086 des Evangelii. Wir ſäen die Saat aus und
175 1075 864 1132 die Erndte wird zu der gehörigen Zeit
176 1119 873 1174 auch eingeſam̅let werden. Es liegt uns an,
171 1161 900 1223 daß wir vom Heiland mögen geleitet und
180 1210 888 1266 geführet werden, und ich muß bekennen, ich
176 1252 904 1309 habe Seine leitung und unmittelbare Hand
176 1296 879 1360 nie ſo deutlich wargenom̅en als hier in
746 1336 903 1400 Barbadoes
