1000 1599
120 66 175 128 54.
168 132 890 190 daß wir ein Zeugen⸗Volck ſind, und es
169 184 889 237 ſolte uns nie fehlen, daß wir, wen̅ es
161 231 884 286 nöthig iſt, unſerm Herrn willige und
159 275 892 326 brauchbare Brüder zu Seinem Dienſt
169 315 888 369 unter den Heiden abgeben kön̅ten.
173 360 884 421 Er beken̅t ſich im übrigen gnädig zu
166 406 875 458 uns und hat uns bisher bey der
167 447 899 502 Lehre von Seiner Verſöhnung, Marter
167 490 890 540 und Todte erhalten, und uns Leben
168 533 905 596 und Seeligkeit für unſer Herz drin⸗
169 581 539 640 nen finden laßen.
198 607 892 685 4.) Bericht von der Gemeine zu Neuwied
264 674 790 718 vom Jan: Febr: u. Merz 1770.
189 705 888 766 Von hieſiger Gemeine können wir be⸗
166 752 894 815 richten daß unſer lieber Herr beym Ein⸗
169 802 895 854 tritt in dieſes Jahr ſich ſehr gnädig und
170 840 829 901 kräftig zu derſelben bekan̅t hat.
168 887 871 940 Seine tröſtende Nähe gab allen Herzen
169 929 897 988 die frohe Verſicherung, daß Er des Hebens
172 978 893 1030 und Tragens u. Verſchonens noch nicht müde
171 1019 879 1081 ſey, ſondern mit dem alten Erbarmen
174 1068 881 1121 über uns zu walten fortfahren werde.
183 1110 899 1169 Am Heiden⸗Feſt nahm die Beter⸗Geſell⸗
171 1154 874 1216 ſchaft in ihrer gewöhnlichen Verſam̅lung
176 1201 893 1255 beſondern Antheil, betete zu den durch⸗
176 1245 906 1305 borten Füßen Jeſu an über alle die Gna⸗
170 1293 892 1351 de, die in unſern Tagen den armen
753 1329 893 1380 Heiden
