1000 1598
130 76 184 127 84.
168 134 896 198 würde ſo fort gehen, bis die Menſchen
160 185 897 238 nur 10 Jahr alt würden. Und ſo nehme
169 229 897 286 auch die größe der Menſchen und des
174 272 891 327 Viehes ab. Als den̅ aber werde die
179 317 892 368 Welt im Feuer untergehen, außer
167 369 912 430 ein gewißes Land Schambolla genan̅t,
157 413 897 466 welches ein Land des Wohllebens ſey.
161 451 888 506 Da werde ein gewißer Sohn Gottes
173 495 910 549 auf die Welt kom̅en und der werde
170 540 892 598 alle Calmucken, die hier auf dieſer
171 585 902 645 Welt fleißig gebetet und heilig und
169 628 899 687 from gelebt haben, vors erſte zu ſich
155 681 904 735 verſam̅len; dan̅ kämen auch die übrigen
154 721 889 774 nach, nachdem ſie ihre Strafe in der
165 763 895 823 Hölle ausgeſtanden hätten. Die würden
174 812 890 859 aber arm ſeyn, und die, welche auf
169 848 897 910 dieſer Welt ſchlecht gelebt hätten, würden
172 895 885 949 gar nicht wieder zu Menſchen, ſondern
171 939 885 990 zu Vieh werden. Wie ſie den̅ glauben,
139 980 870 1039 daß dasjenige Vieh und alle lebendige
172 1029 898 1078 Creaturen in der vorigen Welt, ſchlechte
166 1071 892 1124 Menſchen geweſen wären. Und das iſt
168 1118 889 1167 auch der Grund, warum ſie es vor
166 1152 899 1221 Sünde halten, eine Creatur zu tödten.
184 1213 891 1273 Wir haben es nicht mangeln laßen,
175 1270 891 1344 ihnen bey Gelegenheit das Wort der
780 1312 896 1374 Verſöhn⸗
