1000 1598
95 133 830 200 wohl gehen laße. Er gebe mir Gnade, daß
94 179 828 241 ich Jhm ein Brauchbarer Pfeil in Seinem
92 226 828 292 Köcher ſeyn möge. Mein ganzes Vertrauen
93 272 842 334 ſeze ich auf Jhn, der mich bewahren, heili⸗
94 313 818 380 gen und ſtählen kan, und der mir alles
92 357 830 417 das geben wird, ſo wol was ich für mein
88 399 838 463 eigen Herz, als zum Dienſt bey dem lieben
102 453 513 512 Neger⸗Volcke brauche.
230 483 718 551 Aus Grönland ſchreibt:
162 529 821 595 a.) Br: Johann Beck von Lichtenfels
280 586 686 636 unterm 9ten Apr. 70.
142 623 837 687 Jch und wir alle wünſchen von Herzen,
101 668 836 722 daß doch heuer uns ein Bruder auf ein
102 710 809 776 Jahr beſuchen möchte, es wird gewiß
96 757 835 819 ein Segen ſeyn, ſo wol für uns, als das
104 799 854 861 ganze hieſige Werck des Herrn. Jch zweifle
99 846 836 906 nicht daran, daß auf dem vorjährigen
95 892 799 947 Synodo ganz beſonders an uns wird
104 934 839 994 gedacht worden ſeyn, und wir erwarten
113 977 834 1035 was vor Gutes uns wird mitgetheilt
104 1020 819 1082 werden. Unſer Gemeinlein hat ſich
96 1065 810 1125 im äußern gut durch gebracht und ſie
102 1116 833 1166 und wir ſind geſund und vergnügt.
111 1153 838 1212 Jch lege mich kein mal zur Ruhe, ohne dem
110 1198 832 1256 Heiland zu dancken, daß Er mir wieder
114 1235 825 1305 ſo weit geholfen hat, daß ich alles thun
111 1282 814 1360 kan, wozu er mich beruffen hat. Ob ich
829 55 874 112 77.
