1000 1598
126 78 159 126 6.
189 131 899 187 West⸗Indien und Süd⸗America bringet,
174 185 884 237 ſo finden ſie da Brüder und Schweſtern, die
176 232 885 291 ihnen aus Erfahrung ſagen können, wovor
177 277 882 328 ſie ſich in Acht zu nehmen haben, u. wie
173 319 900 374 ſie ihr ſterbendes Gebeine ſonderlich auch
173 363 910 415 in Kranckheiten zu bedienen haben; u. es iſt
174 409 894 459 gut, wen̅ man ſich ſagen läßt, von denen,
166 450 811 505 die aus Schaden klug worden ſind.
195 491 884 552 Es kom̅en aber in den warmen Ländern,
178 539 896 595 Kranckheiten vor, die niemand recht ver⸗
164 584 893 632 ſteht; und da werden unſre Brüder u.
172 625 904 681 Schweſtern nicht vergeßen, daß Gott unſer
172 672 900 724 Heiland ſelbſt geſagt hat: Ich bin der Herr,
157 717 882 770 dein Arzt! Wer ein Vertrauen zu Jhm
174 758 887 813 faßt und ſeine Hülfe bey Jhm ſucht, der
166 805 938 856 wird damit weder beſchämt noch zu Schanden werden.
199 846 886 903 Es iſt von Anfang unsrer Miſsionen unter
158 894 879 945 den Heiden, darauf angetragen worden,
169 934 914 993 daß die dazu gehörigen Brüder u. Schweſtern,
163 979 874 1036 mit ihren Händen etwas arbeiten und
167 1020 904 1079 etwas zum durchkom̅en der Haushaltung
156 1067 892 1122 verdienen ſollen. Je mehr nun die Brüder
166 1112 921 1165 und Schweſtern,〚mit ihren Händen etwas arbeiten〛
176 1157 907 1210 〚und etwas zum durchkom̅en der Haushaltung ver⸗〛
167 1199 887 1252 〚dienen  ſollen〛bey dieſer u. jener Miſsion ſich
175 1243 909 1301 ſolches haben angelegen ſeyn laßen, deſto mehr
167 1289 904 1362 hat ſich der liebe Heiland zu ihnen bekan̅t, nicht
805 1341 879 1376 nur
