1000 1599
83 127 808 199 Sünde, und bitten um Erlaßung der
74 170 818 243 ſelben. Das Papier hängen wir in der
79 217 808 286 Kibitke übers Feuer, und beym An⸗
82 262 816 328 ſehen deßelben beten wir: O mani,
83 305 792 374 bat me chun! Dieſes ist tangutiſch
84 355 808 423 und ſoll ſo viel heißen: als Gott
81 398 826 460 erbarme dich über uns! Dergleichen
88 443 814 504 Aberglauben iſt bey ihnen ſehr viel.
100 488 800 553 Wen̅ ich ſie anſehe, wie ſie dem
80 531 819 596 Teufel und ſeinem Weſen dienen,
83 576 788 637 und drüber ſo veſte halten und
85 620 789 689 glauben, daß ſie die alleinigen
80 664 831 731 ſind, welche Gott rechtſchaffen dienen,
87 709 836 773 ſo wird mir wehe ums Herz, u. kan
82 747 816 812 nicht anders, als mit weinen ſie dem
88 795 864 860 Erbarmer an Sein auch für ſie verwundtes
92 840 820 906 Herz legen, mit dem ſehnlichſten Wunſch,
89 883 803 944 daß Er balde viele, wo nicht alle
90 924 836 993 von dieſen Heiden, zum Genuß Seiner
92 978 823 1032 Wunden bringen möge; Ein ander⸗
75 1019 806 1076 mal lacht mirs Herz, wen̅ ich
94 1066 811 1129 ſie anſehe und ich denke: Ach,
80 1113 809 1167 wie wird Er ſich freuen, wen̅
99 1155 798 1212 ihr Jhn als euren Erlöſer, der
95 1204 816 1257 aus Liebe zu euch Sein Blut ver⸗
104 1260 798 1312 goßen, kennen werdet, und
826 58 872 113 89.
