1000 1599
129 78 183 132 32.
178 138 893 198 ſeine Botſchafts⸗Reiſe nach Grönland,
171 184 890 235 haben wir oft und viel, beſonders
158 222 890 276 und in der Gemeine mit Gebet und
189 261 905 326 Fürbitte gedacht. Unſre liebe Schweſter
170 310 897 376 Sternbergin iſt am 25ten nach Hhuth gereiſt.
164 359 870 416 Der Heiland gebe ihr da viel Gnade
173 400 904 455 Liebe und Freude zu genießen, u. bringe
177 445 717 499 ſie geſtärckt wieder zu uns.
198 488 883 542 Eine Familie mit 6 Kindern, iſt von
175 531 901 589 Rixdorff in unſre Nähe, in einen Garten
168 580 886 642 vor dem Halliſchen Thor gezogen, wo ſie
176 626 608 682 ihr durchkom̅en haben.
195 663 883 727 Eine Schweſter hatte bei Gelegenheit
174 715 884 765 der ſonſt unruhigen Revüe⸗Zeit, durch
177 757 914 813 göttliche Providenz die Freude zu erfahren,
175 800 904 862 daß ihre Eltern zu Schmiedeberg in Schleſien
172 850 886 899 noch leben, die ſie ſchon 15 Jahr vor ver⸗
173 892 889 944 ſtorben gehalten. Es traf juſt ein Sol⸗
176 935 886 983 dat zu ihnen ins Quartier, der nur ein
159 972 880 1033 Paar Häuſer von ihnen wohnt und nach
178 1018 835 1074 der Revüe, auch wieder dahin ging.
192 1064 862 1119 Das ledige Brüder⸗Chor hat ſich in
181 1118 902 1165 ſeinen Hauſ⸗Verſam̅lungen bey Gelegen⸗
180 1153 921 1208 heit der Looſungen und Texte die Gründe
183 1197 902 1254 ihres Heils auf den Fels⸗Chriſtum und
181 1245 891 1298 die Heiligung durch den Gott des Frie⸗
180 1300 706 1370 dens, zu Herzen genom̅en.
736 1317 825 1381 Bey
