1000 1599
88 134 821 185 wißen, den Er aber ſchon weiß. Daß unſer
82 175 830 237 Salomo getauft iſt, das wird unter den Chiefs
86 228 817 274 predigen; den̅ er iſt unter allen ſehr wohl
73 265 816 326 bekan̅t und ſie nehmen beſondre Notiz von
88 316 797 365 ihm. Er iſt allezeit unter ihnen als ein
76 357 841 420 rechtſchaffener Man̅ angeſehen geweſen, deßen
88 407 796 461 Worten ſie geglaubt haben. Wir haben
89 449 812 504 letztens eine Glocke von Bethlehem über
92 490 817 554 Pittsburg glücklich erhalten, worüber ſich
84 534 795 591 unſre Jndianer gar ſehr gefreut haben.
137 577 805 636 Unterm 21ten Febr. 1770 thut er noch hin zu:
88 620 801 676 Am 21ten Januar. wurden noch getauft
89 668 794 725 Jeremias und ſeine Frau Anna Caritas,
71 711 784 769 ein paar liebe Leute. Unſre getaufte
91 757 813 819 Geſchwiſter sind uns zur Freude, u. gehen
88 803 818 861 ihren Gang ſelig fort. Sie verkündigen
83 854 816 900 nun andern, was der Heiland an ihrer
80 892 816 954 Seele gethan, mit Freuden, ſo oft ſie nur
90 938 824 990 Gelegenheit haben; und unter den Unge⸗
98 983 844 1034 tauften, die bey uns wohnen, continuirt
94 1023 803 1081 die Arbeit des heiligen Geiſtes. Wir
87 1072 813 1125 fangen nun allmählig an uns zum Abzug
80 1113 811 1166 nach Kaskaskunk zu præpariren, welcher
87 1158 806 1215 etwa anfangs April geſchehen ſoll. Jch
80 1205 811 1259 bin dieſen Monat ſehr kräncklich ge⸗
83 1249 808 1307 weſen, und habe große Schmerzen in
85 1296 806 1357 meinen Gliedern gehabt, wovon mich
824 71 872 125 47.
