1000 1599
118 63 179 118 58.
164 130 882 194 viele erfreuliche Nachrichten erhalten.
181 178 902 239 Das beſonderſte ist, daß der Heiland
154 224 893 286 nun auch in Mühlhauſen einen Zeugen
162 264 879 324 Seines Todes erwecket hat. Dem
160 306 894 373 daſigen Häuflein ſind die Evangeliſchen
171 352 882 419 Predigten des HE. Pfarrer Vogels
170 397 900 453 zu vielem Segen und großer Freude.
191 438 872 504 10.) Unſre liebe Obrigkeit fährt in
168 493 852 544 guter geſinnung gegen uns fort.
163 530 902 589 Bey der erſten Aufwartung in dieſem
167 581 889 639 Jahr bezeugte der regirende Herr,
150 621 880 672 daß er die Heiden⸗Diaria, die
166 663 896 719 ihm com̅unicirt würden, mit vieler
166 708 482 767 Erbauung leſe.
181 751 887 808 D. 11ten Merz begleiteten alle unſre
165 798 873 856 Herrſchaften mit einem zahlreichen
167 841 888 902 Gefolge den Prinzen von Yſenburg
168 887 884 935 und General Le Fort, die geſtern
169 926 895 989 in den Chorhäuſern mit Satiſfaction
167 973 886 1033 ſich umgeſehen, auf unſern Saal, und
149 1019 885 1077 wohnten der deutschen Predigt mit
168 1062 629 1121 großer Attention bey.
222 1099 877 1158 5.) Aus dem Bericht der Gemeine
279 1150 845 1207 in Duckenfield vom Nov. 1769
254 1198 844 1252 bis Januar 1770, iſt anzuführen:
174 1242 866 1299 Die Predigt, ſo wol auf unſerm
169 1283 868 1359 Saal, als in der Nachbarſchaft iſt in
748 1344 864 1395 dieſen
