1000 1598
130 72 182 122 78.
176 138 916 204 gleich eine gebrechliche Hütte habe, ſo lebt
173 190 914 237 doch mein Herz in Seinem Verdienſt und
174 226 950 292 Leiden, und das beſonders in dieſer Paßions⸗
173 272 269 336 zeit.
259 300 935 384 b.) Von Br. Joh. Sörenſen d. d. Lichten⸗
292 360 796 427 fels 9ten u. 10ten Apr. 70.
186 400 906 468 Wir ſtehen in ſehnlicher Erwartung, zu
180 448 913 508 erfahren, was unſer gnädiger Heiland
180 499 904 552 im vergangnen Jahr an Seinem Brüder⸗
177 540 916 597 volcke gethan hat. Daß man unſrer auf
170 585 902 647 dem Synodo ganz beſonders gedacht hat,
177 623 912 688 das hat uns der Heiland fühlen laßen.
172 669 913 728 Ein jedes von uns hat ſich an die Marter
176 721 910 778 Jeſu gehalten, ſo viel Er uns Gnade dazu
170 765 902 823 gegeben hat, und unſer Gemeinlein hat
170 806 923 862 innerlich und äußerlich ein geſegnetes Jahr
158 848 912 916 gehabt. 18 Erwachſene und 6 Kinder ſind
164 890 897 952 dieſen Winter getauft worden u. ver⸗
180 935 899 996 ſchiedene andre ſind Candidaten dazu.
182 981 915 1039 Jm Octobe vorigen Jahrs kamen aus der
181 1029 912 1082 Gräder⸗Fiorde 11 Seelen bey uns an, von
174 1068 909 1129 denen bereits etliche getauft ſind. Ueber⸗
180 1115 886 1174 haupt hat ſich unſer Gemeinlein zu
181 1161 904 1216 Anfang des Winters mit 39 Seelen
164 1201 894 1259 vermehret. An den Kaufman̅ haben
174 1246 913 1301 unſre Grönlander dismal über 100 Ton̅en
164 1285 921 1359 Speck abgegeben. Das ſchöne Provianthaus,
786 1336 903 1397 wofür
