1000 1599
823 74 877 127 49.
94 138 814 198 Barbadoes in Seiner Sache. Jch bin gewiß
95 184 824 246 und überzeugt, daß Er hier alles dirigirt
94 230 827 288 und wir wollen Jhm daher treulich folgen,
92 274 817 329 und keine Gelegenheit vorbey gehen laßen,
94 323 811 373 ein Zeugnis von Seinem Todt und Blut⸗
101 359 820 417 vergießen für die Sünde der Welt abzu⸗
91 405 826 464 legen. Sein Geiſt legitimirt unſer Zeugniß
95 459 822 507 in den Herzen der Weißen u. Schwarzen
90 498 784 549 Leute, und viele haben die tröſtliche
96 537 817 595 Hofnung des ewigen Lebens durch Seinen
96 588 824 644 Todt empfangen. Das mit meinen Augen
96 632 819 689 zu ſehen und mit meinen Ohren zu hören,
95 676 817 725 iſt mir eine große Freude, und ich weiß
92 717 736 779 zuverläßig, daß es ſich ſo verhält.
93 760 845 822 Ueber mich ſelbſt bin ofte gar ſehr beſchämt,
96 810 821 867 den̅ ich weiß, daß ich ein armer, elender
89 856 818 906 Sünder bin, und wünſche dem Heiland
94 896 806 952 im̅er mehr zur Freude zu werden. Wen̅
96 939 800 992 ich andern predige, daß der Heiland
96 985 798 1035 die Sünder liebt und ſie gern annim̅t:
95 1020 811 1079 ſolte ich dasſelbe nicht an mir ſelbſt er⸗
93 1062 807 1123 fahren? Jch denke, Ja, und Gottlob! ich
96 1114 813 1169 kenne Seine theure Wunden u. empfinde
93 1154 808 1213 die Kraft Seines Blutes an meinem
92 1201 815 1262 Herzen, und zwar ſo, daß ich deßelben
91 1251 816 1301 noch viel mehr benöthigt bin, als irgend
92 1297 809 1367 einer von den Negern denen ich predige.
