1000 1599
84 129 830 192 Dienſt noch ſehr nöthig war. Die Gelegen⸗
80 173 804 229 heit dazu war die: Er ritt d. 26 Apr./7 May
704 201 800 242 / 7 May
88 214 788 275 zu Mittag in der 12ten Stunde ſein
89 258 814 322 Pferd zur Schwem̅e in die Sarpa, u.
84 307 816 364 wurde noch von verſchiedenen Geſchwiſtern
88 346 827 413 geſehen, die zu Mittag in die Verſam̅⸗
82 393 800 449 lung gehen wolten. Unterdeß aber,
86 434 822 498 daß die Gemeine beyſam̅en war, kam
87 486 813 544 ſein Pferd ganz naß von der andern
80 528 840 586 Seite der Sarpa, zum Thor herein, welches
85 572 789 631 einigen Brüdern bedencklich auffiel.
88 617 791 684 Man ſuchte daher ſorgfältig nach ob er
85 664 824 717 etwa zu Schaden gekom̅en ſeyn möchte, u.
84 707 800 761 da man ihn nicht fand und vermuthen
89 746 771 809 mußte, daß er mit ſeinem Pferde
88 790 849 852 einen zu tiefen Ort in der Sarpa getrof⸗
86 836 808 899 fen, hinein geſtürzt und ertruncken
88 879 821 942 ſeyn möchte, ſo wurden alle mögliche An⸗
90 927 792 987 ſtalten gemacht, ihn darin̅ zu ſuchen,
82 968 799 1029 wobey uns unſre Rußen gute Dienſte
93 1010 829 1073 thaten. Die Zeit verlief ſo geſchwinde, daß
96 1054 825 1115 er erſt nach Verlauf von beynahe 5 Stunden
92 1106 812 1161 gefunden und aus dem Waßer gezogen
73 1145 812 1203 wurde. Man brachte ihn darauf in ein
94 1188 816 1250 nahe dabey ſtehendes Gebäude, machte
88 1235 806 1297 ein großes Feuer, und Br. Wier ließ
96 1281 814 1349 ihn an verſchiednen Orten zur Ader
818 63 873 116 51.
