1000 1598
121 79 174 134 94.
175 141 897 202 Stille zu leben und zu ſehen ob er unter
168 193 896 250 den Bauer⸗Kindern durch Schulhalten
169 234 709 289 einigen Nuzen ſtiften kan.
176 277 912 340 Die ſchmerzlichſte Betrübniß in dieſem
170 330 930 379 Monat machte uns einer, der nach vieler
176 370 909 439 an ihn gewandten Geduld u. Treue endℓ.
160 414 859 469 die Reſolution faßte, ſich von uns
171 460 887 517 zu entfernen. Der liebe Heiland
148 505 902 558 der ſchon ſo manches verirrte Schaaf
154 546 902 601 wieder zum Beſinnen gebracht hat,
174 601 891 655 thue auch an dieſem, dieſe Barm⸗
175 642 650 711 herzigkeit und Treue.
237 709 881 778 9.) Von Marienborn vom Monat
409 764 626 830 Jun 1770.
170 807 920 864 Der Heiland hat uns recht begna⸗
151 854 897 918 digte und ſelige Pfingſt⸗Feyertage
173 903 886 954 geſchenkt. Wir haben in allen
143 942 908 995 unſern Verſam̅lungen die Gemein⸗
173 987 890 1036 ſchaft des heiligen Geiſtes und
157 1031 891 1084 die Nähe unſers lieben Herrn
164 1077 905 1133 innig gefühlet Jnſonderheit war
172 1123 869 1175 uns das Anbeten Gottes des
182 1168 896 1234 heiligen Geiſtes am erſten Feyer⸗
176 1222 910 1283 tage eine ſehr geſegnete Verſam̅lung,
171 1276 912 1330 und unſer Gemeintag am 2ten war auch
173 1312 459 1386 recht gefühlig.
759 1337 873 1400 Zur
