1000 1599
120 127 795 204 Zur Verkündigung Seines Wortes
83 179 776 243 hat Er ſich in dieſen Tagen ganz
82 220 778 289 beſonders〚beſonders〛 bekan̅t. Es
81 261 808 337 war auch ein ſo ſtarcker Beſuch
108 311 813 376 hier, daß die Zuhörer oben in der
78 357 584 421 Kirche nicht Plaz hatten.
145 394 808 458 D. 9ten Jun. Abends fiengen wir
93 442 825 512 das leſen der heiligen Schriftt wie⸗
112 493 820 548 der an und zwar mit der Apo⸗
88 534 837 601 ſtel⸗Geschichte, nachdem vor den Feyer⸗
91 580 834 644 tagen die Harmonie der 4 Evan⸗
93 624 785 691 geliſten war geendigt worden.
97 665 822 728 Es continuirt der eigne auf die⸗
95 714 785 770 ſer Verſam̅lung ruhende Segen.
152 758 823 820 D. 17ten hatten wir das heilige
94 809 823 869 Abendmahl 37 Perſonen an der
104 866 233 920 Zahl.
135 904 793 962 D. 24ten da der Johannistag
99 952 813 1014 auf den Sontag fiel, ſo wurde
91 1006 836 1068 deßelben beſonders gedacht, und
105 1062 822 1124 in der Predigt von der Zube⸗
93 1118 804 1176 reitung der Herzen auf den
104 1170 793 1238 Heiland durch Johan̅em und
106 1233 803 1290 von dem Wercke, das der
108 1280 821 1368 Heiland nachher ausgeführt hat
823 51 886 110 95.
