1000 1600
831 67 876 125 41.
93 137 830 201 gien, zu allgemeiner Freude bekom̅en haben,
86 189 800 241 und wie man beym Gebrauch derſelben
83 228 808 286 faſt durchgängig wargenom̅en; ſo hat ſich
80 278 816 327 der Geiſt der Gemeine, zu denſelben bisher
86 317 816 367 noch lieblich bekan̅t. Ach! möchte unſer l. Herr,
87 360 828 414 bey dieſer Gelegenheit, auch über dieſen ſchönen
92 406 800 460 Theil der Gottes Dienſte Seines Volckes eine
80 451 605 507 neue Gnade aufgehen laßen!
113 496 797 544 Unſre lieben Kinder haben am 5tn einen
88 536 835 594 ſeligen Gemeintag gehabt. Zwey aus ihrem Mittel
82 578 826 641 wurden in die Kinder⸗Gemeine aufgenom̅en,
85 622 816 684 und verſprachen dabey, unter Vergießung
60 672 823 731 vieler Thränen dem lieben Heiland ihr gan⸗
88 715 476 772 zes Herz hin zu geben.
112 755 816 815 Hiebey wollen wir auch anmercken, daß
80 802 791 855 Br. Koehler der eigentlich die Jnformation in
88 844 797 901 der Knäbgen⸗Anſtalt beſorgt, in dieſem
84 890 800 947 Monat mit zum Kinder⸗Stundenhalten iſt
81 932 815 991 gebraucht worden, u. der Heiland iſt mit ihm.
95 979 808 1031 Br. Stegman̅ iſt ſeinem erhaltenen u. ange⸗
86 1022 816 1075 nom̅enen Ruf zu Folge, als Gehülfe des Pastor
87 1070 808 1122 Loskiels in Curland, über Amsterdam, am 15ten
79 1114 802 1163 dahin abgereiſt; ſo wie am 29ten unſre
89 1159 807 1208 liebe Schweſter Dor. Gambs nach Neuwied, als
90 1206 825 1262 Chor⸗Helferin der dortigen ledigen Schweſtern.
84 1247 802 1301 Mit ihr ging die ledige Schweſter Anna
87 1296 638 1360 Petſchin, zum bleiben dahin.
