1000 1600
109 97 816 201 Der Gemein⸗Nachrichten 1770.
182 184 672 246 XXIXte Woche 1.)
133 271 808 349 1.) Schreiben des Bruder David Zeis⸗
185 336 767 377 bergers aus Lawunakhannek
284 374 688 420 vom 20ten Dec: 1769.
105 411 824 472 Da ich Gelegenheit nach Pittsburg habe;
88 468 829 517 ſo kan ich nicht umhin, meine liebe Geschwi⸗
85 506 809 561 ſter an unſrer Freude Theil nehmen zu
86 551 798 602 laßen; den̅ der Heiland hat uns eine
90 597 813 647 Freude geſchenckt an unſern Jndianern.
90 630 833 694 Am 3ten Dec. nehmlich haben wir die erſte
93 679 819 741 Taufe gehalten, wobey ſich der Heiland ſehr
88 733 810 783 kräftig an den Herzen bewieß, und Seine
88 762 818 832 Gegenwart beſonders fühlen ließ. Es wurde
87 812 815 868 nehmlich Lucas, ſeine Frau Paulina und
90 852 816 911 Jsrael ihr Kind von 8 Monaten in Jeſu
85 890 808 955 Todt getauft, und am 28ten der Chief
81 942 815 1000 Allemewi, gleichfalls unter einem beſon⸗
88 991 808 1043 dern Gnaden⸗Wehen des heiligen Geiſtes
89 1031 791 1088 und fühlbarer Nähe des Heilands. Er
89 1079 785 1134 wurde Salomo genan̅t. Jch hatte ſie
82 1119 811 1179 ſchon ſeit faſt einem Jahre, als Candi⸗
88 1170 821 1224 daten dazu angeſehen, es war mir aber
80 1211 793 1262 im̅er ſo, daß es mit der Taufe noch
77 1256 816 1316 nicht Zeit ſey. Jch hatte vorm Jahre und
77 1306 817 1372 noch im vergangenen Frühjahre groß Be⸗
817 64 877 118 45.
