1000 1598
150 62 199 110 74.
191 129 923 203 und Andenken der Gemeine, würden ſie
192 187 912 250 zu ihrem Troſt inne, verſprächen ſichs auch
189 238 905 290 ferner, und ihr Anliegen wäre, daß
185 274 918 330 das Band der Liebe und des Friedens
182 314 942 380 durch die Gnade des Heilands im̅er veſter,
189 363 915 422 und Sein Ruhm an ihnen nicht geſchmälert
190 411 902 462 werden möge. Jhr Capitain wäre ein
191 454 913 511 guter alter deutſcher Vater, und er habe
190 499 912 552 verſprochen, er wolle ſich der 4 ledigen
183 540 911 610 Schweſtern ins beſondre aufs beſte an⸗
185 594 349 646 nehmen.
238 612 913 688 3.) Br. Kühn meldet unterm 6tn  Jul.
190 680 920 738 aus Zeyſt, daß er mit ſeiner Frau am
190 723 904 777 13ten Jun. daſelbſt glücklich und wohl
188 769 901 822 angekom̅en; mit ihrer weitern Reiſe
186 808 931 869 nach S. Thomas aber verziehe es ſich noch,
184 855 923 913 und es ſchiene als würden ſie den ganzen
190 893 902 949 Monat Jul., wenn nicht noch länger, in
188 930 927 1007 Zeyſt bleiben müßen; indeß gehe es ihnen
185 985 638 1036 in der Gemeine wohl.
227 1031 892 1083 4.) Br. Joh. Nicol. Müller ſchreibt
297 1075 870 1130 aus Zeyst unterm 5ten  Jul. 70.
210 1112 919 1181 Jch bin mit meiner Geſellſchaft all⸗
185 1158 922 1218 hier d. 1ten Jun. geſund und wohl ange⸗
170 1202 907 1264 kom̅en, und hatte am 2ten  darauf die
183 1249 908 1302 Gnade, das Chor⸗Abendmahl, das die
180 1290 915 1373 ledigen Brüder hatten mit zu genießen.
817 1326 885 1390 Jch
