1000 1598
144 63 199 126 76.
184 135 919 199 ganzen Reiſe bis hieher ſeliglich geleitet und ge⸗
181 184 904 247 führet. Jn Großenhayn verabſcheidete ich
176 233 920 289 mich mit meiner Reiſe⸗Geſellſchaft, und ging
182 275 906 335 über Leipzig nach Ebersdorf, woſelbſt ich
181 317 882 369 d. 19ten May mit der Gemeine das
182 361 912 423 heilige Abendmahl genoß, zur Stärkung
184 409 917 462 auf meinem Pliger⸗Gang. Von da ging ich
183 450 911 507 nach Bayreuth, blieb 1½ Tage da, u. hatte
184 500 904 557 Gelegenheit, einem in der Jrre gehenden
184 537 917 596 den Sünder⸗Freund anzupreiſen, der auch
182 583 935 644 Gaben empfangen hat, für die Abtrünigen.
181 630 888 686 Auch bey meinen leiblichen Geſchwiſtern,
180 673 912 732 hatte Gelegenheit, ein Zeugniß von mei⸗
175 719 912 769 nem in Liebe verwundeten Heiland, mit
187 759 878 822 Gefühl des Herzens ablegen zu können.
191 805 897 857 D. 27ten kam ich über Bamberg u. Würzburg
185 850 906 901 nach Marienborn und hatte mit Br. Olden⸗
184 892 897 947 dorp eine vergnügte Unterredung, der
184 934 911 996 mir zu meinem Poſten über verſchiedenes
182 972 458 1030 Auſkunft gab.
201 1015 907 1079 D. 31ten kam ich zu Waßer in Neuwied
182 1067 920 1131 an, und nach einem ſehr geſegneten Auf⸗
174 1120 902 1172 fenthalt von etlichen Tagen, in welchen
161 1158 801 1222 das Pfingſtfeſt war, langte ich
172 1205 916 1269 d. 9ten Jun. hier in Zeyst an, wo ich unſrer
152 1253 919 1316 weitern Reiſe mit Verlangen entgegen
178 1301 915 1357 ſehe, mir es aber übrigens in der Gemeine
812 1339 902 1400 wohl
