1000 1599
90 131 828 205 Verſöhnung durch Jeſu Blut anzupreiſen,
84 191 827 246 ſo viel uns der Heiland Gnade da⸗
82 231 803 289 zu gegeben hat, und ſo weit wir
67 272 816 331 mit der Sprache haben fort kom̅en
84 311 824 377 können. Jhre Erklärung darüber iſt
86 358 824 432 gemeiniglich: Es iſt ſehr ſchön, u. kom̅t
78 401 820 473 bey nahe dem gleich, was in unſern
88 444 770 516 großen wichtigen Schriften ſtehet.
89 492 837 557 Wenn ihr unſre Sprache und Schrifft recht
72 537 824 598 verſtündet und ihr kön̅tet mit unſern
88 582 797 645 großen gelehrten davon reden,
86 627 792 691 ſie würden euch eben auch ſolche
88 665 817 737 ſüße Worte aus unſern Schrifften
88 722 828 782 ſagen können und würden ſich freuen,
95 760 838 826 wen̅ ſie hören, daß ihr auch ſolche ſchöne
92 804 838 865 Sachen wißet. Hieraus kan man leicht
95 845 826 914 ſehen, wie es in der Abſicht mit den
94 889 835 949 Calmucken bewandt ist. Das alles aber,
93 936 804 996 macht mich nicht muthlos, ſondern ich
95 989 788 1045 ſehe den Heiland an, der die
96 1025 803 1081 Seelen mit Seinem Blute er⸗
104 1066 824 1130 kaufet hat, lege Jhm mich u. das
104 1119 822 1170 arme Volck an Sein Herz und
96 1153 826 1226 bitte Jhn, daß Er Seine Stunde
98 1209 814 1266 balde über dasſelbe wolle ſchlagen
102 1258 812 1339 laßen, und ich Jhm in Seiner Sache
825 57 886 111 85.
