1000 1598
103 152 833 215 gewöhnen, daß es ihm unausſtehlich würde, eine
92 194 831 261 Stunde zu zubringen, ohne zu wißen, daß der
98 238 606 302 Heiland mit ihm zu frieden sey.
133 284 831 339 Wer durch Seine Gnade ſo vertraulich mit
96 324 820 389 Jhm wird, daß er alles in Sein treues Herz
95 369 819 427 ſchüttet, was ihm von Stund zu Stunde vor
94 413 824 476 kom̅t, es sey Klein oder Groß, ſchlecht oder
99 460 823 517 gut, und ſich von Jhm rathen und helffen läßt,
93 501 816 564 in aller Noth und Gefahr, welche uns noch Leib
87 546 837 608 und Seel beflecken können: Der mag hinkom̅en,
98 594 821 648 wohin er will, ſo kan man ſeinetwegen
96 640 850 699 ruhig seyn, und er wird nicht zu Schanden werden.
121 687 829 740 Ach möchte doch ein jedes, das zu dieſer Ge⸗
93 727 845 791 ſellſchafft gehöret, auf die Stim̅e des h. Geiſtes,
83 775 826 829 welchen uns der Herr zu unſerm Beyſtand
95 821 658 870 gegeben, recht Aufmerkſam ſeyn.
136 856 833 917 Wen̅ wir unſern lieben Brüdern u. Schweſtern
99 897 846 959 600 gute Lehren und Gottes⸗Warheiten aufſchrei⸗
96 942 804 1005 ben und mit gäben, auf die Reiſe, ſo würde
95 985 815 1049 ſolches doch den Nuzen nicht ſchaffen, den ein
96 1033 835 1098 aufmerkſames Herz in der Schule des heiℓn. Geiſtes,
95 1076 777 1137 tagtäglich von Seinen Lehren u. Erin̅erungen hat.
70 1117 819 1181 Ein kindlicher und getroſter Zugang zu dem
95 1170 833 1222 Vater unſers Herrn Jeſu Chriſti (: der auch durch
93 1215 828 1270 Jhn unſer Vater iſt :) läßt uns in keinen ſchweren
94 1257 834 1324 Umſtänden Rath⸗und Troſtlos. Den̅ wir wißen,
87 1296 817 1375 daß Er uns ſo lieb hat, und ſo für uns ſorget,
849 78 882 126 3.
