1000 1599
117 56 186 106 428.
173 138 893 189 12 Jünglingen und Knaben, von er⸗
169 185 891 233 ſtern ſind 37 und von leztern 4⸗
170 222 894 279 Com̅unicanten. Aus 47 led. Schweſtern
168 271 877 317 u. 11 großen Mädgen, davon gehen 45
163 314 895 363 Schweſtern und 2 Mädgen zum Abend⸗
161 359 872 406 mahl, der Knäbgen ſind 23 und
166 400 897 453 der Mädgen auch 23, und alſo iſt die
166 447 892 503 Anzahl der Einwohner 239 Seelen.
189 493 868 538 73.) Von Narby und Gnadan von
201 537 879 576 den Monaten Sit. und Nov. 1770.
186 577 896 629 Außer den 2 geſegneten Abend⸗
159 625 896 673 mahlen in dieſen beyden Monaten,
169 670 872 721 die jeder Ort dismal ganz für ſich
173 711 868 766 aleine gehabt, war der 1nſte Nov.
172 763 894 811 ein beſondrer Gnaden⸗ u. Segens Tag.
169 800 896 849 Unſer lieber Herr bewieß ſich an uns,
172 848 885 892 als unſer treuer und Barmherziger
170 889 872 942 Belteſter, und wir hüldigten Ehm
175 934 872 982 aufs neue mit einem Willigen
176 978 873 1034 Herzen und unter vielen Liebes
165 1018 886 1076 und Sünder thränen. Jm Monat O4t.
176 1061 898 1121 machte Br. Praetorius einen geſegneten,
176 1109 896 1165 beſuch ſo wol in der nah gelegenen
171 1144 902 1210 aesentfernten Magd Canegizchen Diä⸗
176 1191 895 1252 Spora, zu vieler Satisfaction der
177 1237 903 1300 Geſchwiſter, die längſt einen ſolchen
172 1291 917 1381 Brſuch gewdinſcht zu Anfang eben dieſes
764 1333 906 1387 Monats
