1000 1598
124 74 182 125 20.
201 137 908 200 Töchterlein und einer ledigen Schweſter
192 188 911 254 von Ebersdorff, auf der Reiſe nach Gnaden⸗
196 237 286 300 frey.
224 276 934 335 7.) Von hier ſind abgereiſt: 1 lediger Bruder
190 324 936 382 1 Wittwe und 2 ledige Schweſtern nach Niesky.
186 371 908 423 4 ledige Schweſtern nach Gnadau. 3 Mädgen
183 419 904 464 nach Gnadenberg u. Barby. Die Brüder
181 455 909 510 Schnürer und Nicolaus Müller nach St.
183 505 912 553 Thomas und Br. Mente nach Suriname am
187 546 911 600 10ten, nachdem ſie Abends vorher, in der
184 592 919 649 Singſtunde der Gemeine ins ſegnende
190 638 912 687 Andencken waren empfohlen worden.
211 678 928 730 Am 17ten Abends wurde den nach Suri⸗
186 723 944 775 name und Thomas abzureiſen im Begriff
183 767 925 823 ſtehenden 10 Pilgern: Pen̅ers, Meerboths,
181 814 884 866 Kühns und den 4 unterm 12ten May
185 855 909 908 erwehnten ledigen Schweſtern zum Ab⸗
182 897 893 951 ſchied aus unſrer Mitte, und weil ſie
178 941 917 995 nicht bis übers AbendMahl bleiben kon̅⸗
182 992 897 1039 ten, das heilige Sacrament Seines
184 1028 917 1086 Leibes und Blutes in Gegenwart der
180 1079 911 1128 AbendMahls⸗Gemeine, unter einem aus
177 1122 912 1176 nehmend ſeligen Gefühl, wobey auf allen
180 1163 927 1226 Seiten viele ſtille Thränlein floßen, an⸗
190 1206 368 1260 gedienet.
200 1248 909 1306 Zur Zeit der Singſtunde wurde der
187 1296 920 1368 ganzen Gemeine die ſchöne Jnstruction,
811 1343 910 1408 welche
