<?xml version="1.0" encoding="UTF-8" standalone="no"?>
<PcGts xmlns="http://schema.primaresearch.org/PAGE/gts/pagecontent/2019-07-15" xmlns:xsi="http://www.w3.org/2001/XMLSchema-instance" pcGtsId="GT-OCR-GN_1770_2__GN.A.148__45_42527" xsi:schemaLocation="http://schema.primaresearch.org/PAGE/gts/pagecontent/2019-07-15 http://schema.primaresearch.org/PAGE/gts/pagecontent/2019-07-15/pagecontent.xsd">
  <Metadata externalRef="https://images.iiif.slub-dresden.de/iiif/2/data%2Fkitodo%2FNachaudeB_1766017886_1770_2%2FNachaudeB_1766017886_1770_2_tif%2Fjpegs%2F00000046.tif.medium.jpg/full/full/0/default.jpg">
    <Creator>escriptorium</Creator>
    <Created>2024-01-26T15:14:57</Created>
    <LastChange>2024-02-13T15:16:47</LastChange>
    <Comments/>
    <MetadataItem name="recognition/post-correction" type="processingStep" value="ocrd-cor-asv-ann-join">
      <Labels externalId="version" externalModel="ocrd-tool">
        <Label type="ocrd-cor-asv-ann-join" value="0.1.14"/>
        <Label type="ocrd/core" value="2.60.2.dev0+gac1f15b3.d20240125"/>
      </Labels>
    </MetadataItem>
  </Metadata>
  <Page imageFilename="45_42527_default.jpg" imageHeight="1599" imageWidth="1000">
    <TextRegion custom="structure {type:text;}" id="eSc_textblock_3492aa17">
      <Coords points="173,81 176,112 113,116 113,85 126,78"/>
      <TextLine custom="structure {type:default;}" id="eSc_line_e76073eb">
        <Coords points="167,80 158,79 149,79 140,79 131,78 129,78 120,82 113,106 112,130 169,125 170,108 170,80 167,80"/>
        <Baseline points="113,106 170,108"/>
        <TextEquiv index="0">
          <Unicode>40.</Unicode>
        </TextEquiv>
        <TextEquiv conf="0.9897" index="1">
          <Unicode>90.</Unicode>
        </TextEquiv>
      </TextLine>
      <TextEquiv>
        <Unicode/>
      </TextEquiv>
    </TextRegion>
    <TextRegion custom="structure {type:text;}" id="eSc_textblock_2daa1fe4">
      <Coords points="815,135 886,142 907,156 925,309 907,1050 911,1178 936,1286 928,1381 847,1402 786,1388 177,1402 163,1360 174,1094 156,1043 160,998 131,962 135,916 160,898 170,805 167,735 149,699 170,567 170,149 594,135"/>
      <TextLine custom="structure {type:default;}" id="eSc_line_94e6eb51">
        <Coords points="487,137 476,145 468,151 425,151 411,144 410,144 409,144 408,144 407,144 381,151 267,151 259,145 254,145 245,146 236,146 227,146 218,147 209,147 200,147 192,148 183,148 184,176 185,192 192,188 258,190 259,190 260,190 261,190 268,186 339,192 368,194 368,194 369,194 374,192 384,187 453,185 466,192 469,193 470,193 471,193 472,193 477,192 495,187 502,192 504,193 504,193 505,193 506,194 589,194 589,193 590,193 591,193 592,191 603,184 659,184 699,184 728,191 730,192 731,192 732,192 745,191 801,188 811,191 813,192 814,192 815,193 878,193 878,192 879,192 880,192 880,191 885,188 894,191 896,174 895,150 826,136 800,136 799,136 798,136 780,145 744,142 744,142 743,142 732,148 731,148 729,148 687,136 686,136 685,136 684,136 663,147 656,150 648,147 622,137 621,137 545,137 544,137 544,137 543,137 536,142 492,137 487,137"/>
        <Baseline points="184,176 896,174"/>
        <TextEquiv index="0">
          <Unicode>als angenom̅ene Acoluthen bey der Brüder⸗</Unicode>
        </TextEquiv>
        <TextEquiv conf="0.9902" index="1">
          <Unicode>als angenom̅ene Acoluthen bey der Brüder⸗</Unicode>
        </TextEquiv>
      </TextLine>
      <TextLine custom="structure {type:default;}" id="eSc_line_b400e2da">
        <Coords points="179,220 179,227 219,228 238,238 239,238 240,238 301,238 301,238 302,238 325,228 345,228 361,237 362,237 363,237 364,237 365,237 366,237 381,227 446,227 459,235 460,235 461,235 462,235 496,227 510,237 511,237 512,237 512,238 526,238 526,237 604,236 605,236 625,227 643,233 644,233 645,233 646,233 659,226 682,236 683,236 684,237 703,237 703,236 704,236 704,236 719,226 736,235 737,235 738,236 787,236 787,235 822,227 828,231 829,231 830,231 831,231 888,223 888,216 887,197 841,197 840,196 808,183 808,183 807,183 755,189 754,189 753,189 745,194 743,197 717,197 711,194 687,184 686,184 685,184 684,184 683,184 669,193 664,197 637,194 636,193 625,184 624,184 624,184 623,184 594,186 593,186 582,192 573,197 538,196 532,191 525,186 524,186 523,186 522,186 496,190 473,195 465,190 457,185 456,185 456,185 434,185 433,185 432,185 423,190 409,197 381,191 380,191 379,191 367,198 350,190 349,190 348,190 347,190 316,199 273,199 246,188 242,186 241,186 240,186 178,186 179,220"/>
        <Baseline points="179,220 888,216"/>
        <TextEquiv index="0">
          <Unicode>Kirche, ihres bey ihrer Annahme gethanen</Unicode>
        </TextEquiv>
        <TextEquiv conf="0.9903" index="1">
          <Unicode>Kirche, ihres bey ihrer Annahme gethanen</Unicode>
        </TextEquiv>
      </TextLine>
      <TextLine custom="structure {type:default;}" id="eSc_line_b499022f">
        <Coords points="182,265 182,281 214,276 224,281 226,282 227,282 228,283 258,283 258,282 259,282 262,281 285,275 317,280 365,281 455,282 456,282 456,282 458,281 470,276 544,279 544,279 545,279 558,274 580,278 581,278 690,274 712,281 713,281 714,281 715,282 764,282 764,281 765,281 766,281 774,275 808,280 809,280 810,280 823,274 904,280 914,266 905,236 847,230 846,230 845,230 836,235 832,237 828,235 816,230 815,230 814,230 756,233 755,233 754,233 752,235 734,245 629,245 622,239 621,239 620,239 619,239 618,239 617,239 611,245 596,235 595,235 594,235 590,234 541,231 540,231 539,231 532,234 503,245 467,240 466,240 465,240 464,240 456,246 426,246 391,234 390,234 389,234 388,234 360,245 298,246 280,233 279,232 278,232 277,232 276,232 271,233 242,239 225,233 224,232 223,232 222,232 181,232 182,265"/>
        <Baseline points="182,265 623,262 906,264"/>
        <TextEquiv index="0">
          <Unicode>Verſprechens, Leib und Seel und Glieder wil⸗</Unicode>
        </TextEquiv>
        <TextEquiv conf="0.97" index="1">
          <Unicode>Verſprechens, Leib und Seel und glieder wil⸗</Unicode>
        </TextEquiv>
      </TextLine>
      <TextLine custom="structure {type:default;}" id="eSc_line_82e69e4f">
        <Coords points="181,302 180,318 224,320 225,320 226,320 229,318 244,311 256,318 257,318 258,318 345,316 352,318 357,321 358,321 359,322 407,322 407,321 408,321 408,321 411,318 421,312 456,312 468,318 469,318 470,318 471,318 481,313 493,318 496,320 497,320 498,320 539,319 540,319 541,319 541,318 551,313 573,318 574,318 602,313 618,318 620,319 621,319 622,319 623,319 625,318 645,314 658,318 663,320 664,320 664,320 674,318 703,314 711,318 717,323 718,323 719,323 720,323 720,323 733,318 737,318 744,318 766,324 767,324 768,324 784,318 792,317 796,318 801,321 802,321 803,321 819,318 846,315 872,315 879,318 888,323 888,323 889,323 912,324 916,313 909,276 869,276 868,276 867,276 834,285 808,285 800,278 800,278 799,278 798,278 763,284 721,283 709,276 708,276 707,276 706,276 705,276 693,284 619,284 605,276 604,276 603,276 568,281 555,275 554,275 553,275 488,278 469,273 468,273 399,273 398,273 397,273 368,281 357,273 356,273 355,273 354,273 353,273 326,280 262,275 261,275 234,280 223,272 222,272 221,272 181,271 181,302"/>
        <Baseline points="181,302 910,307"/>
        <TextEquiv index="0">
          <Unicode>lig herzuleihn, Jeſum zu erfreuen u. erneuerten</Unicode>
        </TextEquiv>
        <TextEquiv conf="0.9695" index="1">
          <Unicode>lig herzuleihn, Jesum zu erfreuen u. erneuerten</Unicode>
        </TextEquiv>
      </TextLine>
      <TextLine custom="structure {type:default;}" id="eSc_line_df809cff">
        <Coords points="175,348 175,358 209,365 210,365 211,365 212,365 219,359 254,364 255,364 256,364 256,364 263,359 265,357 282,359 306,362 307,362 308,362 313,359 317,357 328,359 350,364 351,364 352,364 352,364 358,359 361,357 393,356 404,360 416,365 417,365 418,365 464,364 465,364 476,360 489,356 512,360 524,363 525,363 526,363 536,360 559,355 595,355 608,361 614,364 615,364 616,365 653,365 653,364 668,361 706,354 739,361 743,362 744,362 747,361 779,354 876,354 906,362 917,350 904,313 888,318 832,314 831,314 830,314 816,319 772,314 771,314 770,314 769,314 760,321 680,314 674,314 673,314 672,314 672,314 653,328 629,325 616,315 615,315 614,315 587,315 586,315 585,315 584,315 561,332 445,332 435,326 434,326 433,326 432,326 432,326 426,331 414,323 413,323 412,323 411,323 410,323 395,330 383,326 382,326 381,326 380,326 360,332 328,322 327,322 326,322 325,322 297,333 218,333 203,322 202,322 201,322 174,318 175,348"/>
        <Baseline points="175,348 908,345"/>
        <TextEquiv index="0">
          <Unicode>dieſen Sinn, bey einem ſeligen Kelch der Verbindung.</Unicode>
        </TextEquiv>
        <TextEquiv conf="0.9818" index="1">
          <Unicode>dieſen Sinn, bey einem ſeligen Kelch der Verbindung.</Unicode>
        </TextEquiv>
      </TextLine>
      <TextLine custom="structure {type:default;}" id="eSc_line_94f7b082">
        <Coords points="204,393 203,401 226,410 227,410 228,410 229,410 258,402 264,401 296,401 299,403 313,410 314,410 315,410 348,403 355,402 359,404 369,408 370,408 410,410 411,410 412,410 423,404 429,401 454,405 498,411 499,412 517,412 517,411 518,411 519,411 525,405 530,402 594,402 601,406 603,408 604,408 605,408 606,408 607,408 608,408 609,406 616,402 672,402 734,402 748,408 756,412 757,412 758,413 785,413 785,412 786,412 787,412 792,409 800,404 808,409 812,412 813,412 814,412 815,413 853,413 853,412 854,412 860,410 872,405 880,410 882,412 883,412 884,412 885,412 905,410 906,396 906,363 896,360 896,360 895,360 894,360 888,363 874,370 864,363 853,356 852,356 851,356 850,356 801,362 788,356 787,356 736,356 736,356 704,363 675,357 674,357 673,357 655,362 634,359 633,359 632,359 632,359 623,365 613,372 520,372 512,366 503,362 502,362 501,362 500,362 486,366 473,372 439,372 403,371 397,367 379,358 378,358 377,358 356,360 344,355 343,355 289,354 288,354 264,359 239,354 238,354 237,354 236,354 216,369 215,370 204,370 204,393"/>
        <Baseline points="204,393 906,396"/>
        <TextEquiv index="0">
          <Unicode>Am Lehrtage aller Chöre d. 2ten  May führten</Unicode>
        </TextEquiv>
        <TextEquiv conf="0.9846" index="1">
          <Unicode>Am Lehrtage aller Chöre d. 2ten May führten</Unicode>
        </TextEquiv>
      </TextLine>
      <TextLine custom="structure {type:default;}" id="eSc_line_1a2d4183">
        <Coords points="178,442 212,443 227,451 228,451 229,451 230,451 248,444 258,439 292,444 305,445 306,445 334,445 389,442 405,445 424,450 425,450 426,450 438,445 448,442 459,446 476,453 477,453 478,453 533,453 533,453 534,453 535,453 543,447 546,445 551,447 561,453 562,453 563,453 564,453 565,453 571,447 579,442 594,442 606,448 616,453 617,453 618,453 619,453 634,448 648,444 660,449 671,453 672,453 672,453 673,453 685,449 700,443 710,449 711,449 712,449 712,449 738,446 746,450 756,454 757,454 784,455 785,455 816,451 864,444 904,452 915,441 905,421 895,414 856,416 855,416 840,415 833,420 830,420 827,419 803,412 802,412 801,412 800,412 779,418 760,406 760,406 759,406 758,406 696,411 629,405 628,405 627,405 603,413 587,420 543,420 528,419 520,412 510,405 509,405 508,405 507,405 457,406 456,406 447,410 436,414 424,409 418,407 417,407 416,407 406,409 395,411 384,408 366,404 365,404 364,404 363,404 353,408 331,418 301,418 271,417 240,406 239,406 238,406 200,413 180,404 179,433 178,442"/>
        <Baseline points="179,433 906,438"/>
        <TextEquiv index="0">
          <Unicode>wir uns die ſeligen Grund⸗Principia un⸗</Unicode>
        </TextEquiv>
        <TextEquiv conf="0.9978" index="1">
          <Unicode>wir uns die ſeligen Grund⸗Principia un⸗</Unicode>
        </TextEquiv>
      </TextLine>
      <TextLine custom="structure {type:default;}" id="eSc_line_2c899452">
        <Coords points="178,482 179,498 205,490 282,490 304,496 308,497 309,497 310,497 318,496 344,492 408,494 448,496 448,496 449,496 450,496 454,493 462,489 477,493 481,494 482,494 483,494 484,494 487,493 496,489 536,493 551,493 552,493 552,493 556,492 568,488 602,492 617,493 618,493 631,491 650,488 661,491 682,495 683,495 785,490 832,494 832,494 833,494 842,490 891,493 892,493 893,493 907,486 907,478 904,463 818,463 817,463 800,458 799,458 798,458 797,458 796,458 788,463 759,448 758,448 725,448 724,448 624,449 624,449 623,449 604,462 576,459 575,459 574,459 573,459 565,465 464,465 448,459 448,459 447,459 415,465 384,450 384,450 360,450 360,450 303,451 302,451 268,464 212,464 200,458 200,458 199,458 198,458 177,466 178,482"/>
        <Baseline points="178,482 907,478"/>
        <TextEquiv index="0">
          <Unicode>ſerer Heiligung an Leib und Seele, von neuem</Unicode>
        </TextEquiv>
        <TextEquiv conf="0.9857" index="1">
          <Unicode>ſerer Heiligung an Leib und Seele, von neuem</Unicode>
        </TextEquiv>
      </TextLine>
      <TextLine custom="structure {type:default;}" id="eSc_line_45363ec3">
        <Coords points="181,526 181,540 189,543 190,543 191,543 192,543 192,543 196,540 207,533 228,540 238,543 239,543 240,544 283,544 283,543 284,543 285,543 289,540 298,533 383,533 393,538 399,540 400,540 400,540 401,540 408,538 422,533 435,537 449,542 450,542 451,543 516,543 516,542 517,542 535,536 544,533 569,535 616,540 616,540 617,540 618,540 628,534 629,534 635,534 686,536 687,536 688,536 695,533 699,532 707,533 738,540 739,540 769,533 798,537 799,537 800,537 800,537 808,532 816,539 817,539 818,539 841,540 842,540 843,540 844,540 854,533 858,536 859,536 860,536 861,536 886,539 892,547 903,539 907,530 907,524 905,506 843,497 842,497 841,497 823,504 814,508 798,504 768,497 767,497 766,497 765,497 755,503 749,508 717,508 708,503 705,501 704,501 704,501 692,502 648,509 638,501 628,494 627,494 626,494 594,494 593,494 592,494 592,494 584,501 578,505 565,501 563,501 562,501 561,501 556,501 504,507 477,500 473,499 472,499 472,499 471,499 470,499 469,500 456,509 402,509 373,507 360,498 357,495 356,495 355,495 354,495 353,495 352,495 349,498 333,510 304,510 280,497 276,495 275,495 274,495 180,495 181,526"/>
        <Baseline points="181,526 907,524"/>
        <TextEquiv index="0">
          <Unicode>zu Gemüthe, und erin̅erten ein ander daran</Unicode>
        </TextEquiv>
        <TextEquiv conf="0.9906" index="1">
          <Unicode>zu Gemüthe, und erin̅erten ein ander daran</Unicode>
        </TextEquiv>
      </TextLine>
      <TextLine custom="structure {type:default;}" id="eSc_line_45341cfb">
        <Coords points="179,571 179,579 231,589 232,589 312,588 313,588 323,584 346,588 347,588 348,588 349,588 363,578 365,578 402,578 420,578 447,588 448,588 448,589 540,589 540,588 541,588 568,577 570,577 672,577 672,577 720,588 720,588 773,576 776,576 777,576 816,583 816,583 817,583 832,576 839,576 861,576 868,582 869,582 870,582 871,582 901,575 902,567 913,545 903,540 892,548 883,541 855,534 854,534 853,534 852,534 825,551 816,551 788,536 785,534 784,534 766,534 765,534 764,534 763,534 761,536 741,550 706,549 689,538 687,535 686,535 685,535 663,535 662,535 661,535 660,535 656,538 639,551 615,551 563,548 562,548 536,552 512,541 512,541 511,541 510,541 509,541 494,552 472,552 459,541 452,536 451,536 450,536 400,536 400,536 399,536 382,543 355,553 310,545 309,545 279,550 269,545 267,543 266,543 265,543 264,543 264,543 256,545 226,553 210,546 205,543 204,543 203,543 178,546 179,571"/>
        <Baseline points="179,571 902,567"/>
        <TextEquiv index="0">
          <Unicode>was unſer lieber Herr nach dem ſeligen Licht</Unicode>
        </TextEquiv>
        <TextEquiv conf="0.9749" index="1">
          <Unicode>was unſer lieber Herr nach dem ſeligen Licht</Unicode>
        </TextEquiv>
      </TextLine>
      <TextLine custom="structure {type:default;}" id="eSc_line_c949c596">
        <Coords points="179,619 179,633 212,629 230,634 247,637 248,637 248,637 249,637 256,633 260,630 299,632 331,634 332,634 333,634 334,634 336,632 341,628 382,628 389,631 401,636 402,636 403,636 486,631 503,639 504,639 504,640 565,640 565,639 566,639 567,639 576,632 608,631 731,637 732,637 733,637 734,637 751,625 752,625 770,630 771,630 772,630 773,630 774,630 782,625 782,624 831,624 862,634 863,634 864,634 864,634 903,622 903,611 900,595 852,595 848,595 795,580 794,580 793,580 792,580 792,580 775,595 772,596 724,596 720,595 701,583 700,583 699,583 698,583 678,595 673,596 658,595 648,593 647,593 623,595 576,597 569,595 556,587 555,587 554,587 553,587 538,592 527,583 526,583 525,583 524,583 494,586 493,586 492,586 479,595 473,598 467,595 452,584 451,584 450,584 426,584 425,584 424,584 406,593 394,584 393,584 392,584 377,584 376,584 352,589 314,585 313,585 312,585 312,585 298,594 279,585 278,585 277,585 276,585 247,593 178,594 179,619"/>
        <Baseline points="179,619 632,617 903,611"/>
        <TextEquiv index="0">
          <Unicode>der Erken̅tniß, das Er uns in dieſer Materie</Unicode>
        </TextEquiv>
        <TextEquiv conf="0.9568" index="1">
          <Unicode>der Erken̅tniß, das Er uns in dieſer Materie</Unicode>
        </TextEquiv>
      </TextLine>
      <TextLine custom="structure {type:default;}" id="eSc_line_a777e648">
        <Coords points="181,666 182,683 208,676 256,682 256,682 298,675 320,681 321,681 322,681 323,681 324,681 333,674 410,674 485,678 486,678 487,678 500,675 507,679 508,679 509,679 510,679 512,679 651,678 652,678 653,678 668,674 688,677 692,678 693,678 708,677 761,674 786,676 794,677 795,677 796,677 797,677 798,676 804,672 854,676 856,660 855,638 836,631 835,631 780,630 779,630 778,630 762,639 755,643 748,639 734,631 733,631 732,631 731,631 730,631 718,639 711,644 688,639 680,638 679,638 672,639 654,644 644,640 640,638 640,638 639,638 630,640 616,643 608,640 587,632 586,632 585,632 584,632 559,640 545,644 504,641 474,638 473,638 472,638 472,638 468,641 462,646 449,646 441,641 434,636 433,636 432,636 406,633 405,633 360,634 359,634 339,642 329,647 211,647 203,644 196,638 195,638 194,638 193,638 192,638 180,643 181,666"/>
        <Baseline points="181,666 856,660"/>
        <TextEquiv index="0">
          <Unicode>gegeben, billig von uns erwarten kön̅e.</Unicode>
        </TextEquiv>
        <TextEquiv conf="0.9842" index="1">
          <Unicode>gegeben, billig von uns erwarten kön̅e.</Unicode>
        </TextEquiv>
      </TextLine>
      <TextLine custom="structure {type:default;}" id="eSc_line_042f0215">
        <Coords points="182,708 182,726 216,721 234,725 235,725 236,725 237,725 260,718 339,722 340,722 363,717 377,723 379,724 380,724 520,729 521,729 522,729 523,729 535,722 543,717 578,721 593,723 594,723 595,723 596,723 598,721 603,716 628,716 636,721 649,727 650,727 676,728 677,728 678,728 699,720 708,716 780,716 784,718 799,726 800,726 819,727 820,727 909,716 909,705 905,679 888,684 880,679 864,670 863,670 796,670 795,670 794,670 774,680 768,684 752,681 704,671 703,671 702,671 683,682 677,685 590,685 585,683 561,671 560,671 560,671 535,672 534,672 533,672 523,679 453,672 452,672 451,672 450,672 430,684 428,686 397,686 396,685 364,672 363,672 362,672 318,673 317,673 316,673 294,686 293,687 269,687 262,687 243,679 242,679 241,679 240,679 222,686 206,679 205,679 204,679 203,679 181,687 182,708"/>
        <Baseline points="182,708 909,705"/>
        <TextEquiv index="0">
          <Unicode>Den ledigen Schweſtern machte der l. Heiland</Unicode>
        </TextEquiv>
        <TextEquiv conf="0.989" index="1">
          <Unicode>Den ledigen Schweſtern machte der l. Heiland</Unicode>
        </TextEquiv>
      </TextLine>
      <TextLine custom="structure {type:default;}" id="eSc_line_3526441d">
        <Coords points="179,754 179,767 234,770 235,770 236,770 242,767 256,763 275,767 290,771 291,771 292,771 293,771 297,767 301,764 319,767 320,767 321,767 322,767 323,767 332,761 365,761 399,767 410,769 411,769 412,769 417,767 423,765 428,767 438,770 439,770 440,770 440,770 451,767 471,762 504,767 520,769 520,769 554,766 555,766 570,759 585,766 587,767 588,767 589,767 590,767 591,767 591,766 603,759 615,765 616,765 616,765 617,765 618,765 630,758 776,766 785,766 786,766 787,766 788,766 816,756 837,756 853,765 854,765 855,765 856,766 897,766 898,747 897,727 872,715 872,715 871,715 870,715 848,723 824,721 824,721 823,721 808,728 804,730 801,728 772,715 771,715 770,715 769,715 749,720 716,715 715,715 714,715 713,715 689,730 687,731 656,731 653,730 637,720 636,720 635,720 634,720 633,720 609,731 608,731 607,731 551,721 550,721 549,721 529,731 527,733 454,733 453,732 422,719 421,719 420,719 419,719 396,729 369,729 343,719 342,719 267,719 266,719 237,720 236,720 235,720 218,732 204,726 203,726 202,726 201,726 178,734 179,754"/>
        <Baseline points="179,754 898,747"/>
        <TextEquiv index="0">
          <Unicode>d. 4ten May zu einem wahren Feſttag u. Sein</Unicode>
        </TextEquiv>
        <TextEquiv conf="0.9933" index="1">
          <Unicode>d. 4ten May zu einem wahren Feſttag u. Sein</Unicode>
        </TextEquiv>
      </TextLine>
      <TextLine custom="structure {type:default;}" id="eSc_line_3a633213">
        <Coords points="181,799 181,823 262,810 368,815 368,815 389,811 400,816 400,816 401,816 441,809 464,818 472,820 473,820 474,821 503,821 503,820 540,816 548,814 549,814 568,805 632,805 653,812 654,812 655,812 676,808 682,812 687,816 688,816 688,816 689,816 690,816 699,811 707,808 724,811 731,812 732,812 746,811 761,809 766,811 781,816 782,816 783,816 868,815 869,815 890,807 890,789 888,761 787,758 786,758 785,758 784,758 781,762 766,772 744,767 744,767 743,767 742,767 741,767 729,775 677,775 657,763 655,760 654,760 653,760 639,760 638,760 637,760 636,760 633,763 616,777 586,777 569,769 568,769 568,769 567,769 547,777 526,765 525,765 524,765 523,765 501,778 386,772 385,772 384,772 370,780 344,780 328,768 328,768 327,768 326,768 325,768 324,768 305,780 278,766 277,765 276,765 275,765 180,766 181,799"/>
        <Baseline points="181,799 890,789"/>
        <TextEquiv index="0">
          <Unicode>Gnadenblick war ihnen fühlbar u. tröſtlich.</Unicode>
        </TextEquiv>
        <TextEquiv conf="0.99" index="1">
          <Unicode>Gnadenblick war ihnen fühlbar u. tröſtlich.</Unicode>
        </TextEquiv>
      </TextLine>
      <TextLine custom="structure {type:default;}" id="eSc_line_b6dd7e40">
        <Coords points="183,843 184,866 225,854 250,866 251,866 252,867 272,867 272,866 273,866 274,866 290,856 299,860 300,860 301,860 302,860 314,854 364,854 384,862 385,862 386,862 440,860 441,860 442,860 451,854 472,862 473,862 474,862 513,854 618,854 635,865 636,866 637,866 638,866 639,866 653,865 725,859 734,864 735,864 736,864 773,856 786,865 787,866 788,866 789,866 790,866 903,864 903,843 903,813 863,813 862,813 861,813 842,820 800,814 794,813 793,813 792,813 792,813 792,814 775,827 621,827 614,821 613,821 612,821 611,821 586,826 568,816 562,813 561,813 560,813 527,817 520,818 519,818 518,818 507,825 463,820 459,817 454,813 453,813 452,813 382,813 381,813 380,813 369,818 353,827 304,827 292,819 288,816 287,816 286,816 285,816 284,816 283,816 280,819 269,827 257,827 244,819 232,813 232,813 231,813 183,819 183,843"/>
        <Baseline points="183,843 903,843"/>
        <TextEquiv index="0">
          <Unicode>Ihr Chor wurde an dem Tage, mit 2 großen</Unicode>
        </TextEquiv>
        <TextEquiv conf="0.9737" index="1">
          <Unicode>Ihr Chor wurde an dem Tage, mit 2 großen</Unicode>
        </TextEquiv>
      </TextLine>
      <TextLine custom="structure {type:default;}" id="eSc_line_f71ef1ce">
        <Coords points="176,885 176,894 211,899 212,899 213,899 214,899 220,894 221,894 253,894 254,894 262,900 263,900 264,900 317,902 318,902 319,902 337,893 338,893 339,893 359,900 360,900 360,900 361,900 376,893 406,901 407,901 408,902 454,902 454,901 455,901 472,892 472,883 470,853 443,859 427,855 421,853 420,853 419,853 418,853 417,853 415,855 400,864 368,864 359,858 352,853 352,853 351,853 324,853 323,853 322,853 302,859 288,865 259,865 256,861 251,858 250,858 249,858 248,858 248,858 233,862 228,864 224,863 193,854 192,854 192,854 191,854 190,854 176,862 176,885"/>
        <Baseline points="176,885 472,883"/>
        <TextEquiv index="0">
          <Unicode>Mädgen vermehrt.</Unicode>
        </TextEquiv>
        <TextEquiv conf="0.97" index="1">
          <Unicode>Mädgen vermehrt.</Unicode>
        </TextEquiv>
      </TextLine>
      <TextLine custom="structure {type:default;}" id="eSc_line_9327d1f5">
        <Coords points="199,923 199,942 224,945 225,945 226,945 231,942 252,930 266,931 280,942 282,945 283,945 284,945 285,946 317,946 317,945 318,945 323,942 352,930 431,939 432,939 432,939 464,931 474,937 475,937 476,937 477,937 493,930 501,934 502,934 503,934 541,929 563,933 564,933 597,929 624,937 624,937 625,937 626,937 627,937 635,930 704,935 704,935 744,930 760,942 763,944 764,944 765,944 766,944 883,941 884,922 882,901 837,901 824,890 823,890 822,890 821,890 820,890 799,897 741,891 740,891 697,900 686,890 685,890 684,890 683,890 603,896 565,890 564,890 563,890 562,890 551,900 524,891 523,891 497,891 496,891 496,891 477,902 436,902 427,896 426,896 425,896 424,896 424,896 411,899 400,891 400,891 399,891 398,891 397,891 396,891 382,902 287,902 269,893 268,893 267,893 266,893 250,901 222,891 221,891 220,891 219,891 198,901 199,923"/>
        <Baseline points="199,923 884,922"/>
        <TextEquiv index="0">
          <Unicode>Hingegen verſezte der Heiland aus ihrem</Unicode>
        </TextEquiv>
        <TextEquiv conf="0.9818" index="1">
          <Unicode>Hingegen verſezte der Heiland aus ihrem</Unicode>
        </TextEquiv>
      </TextLine>
      <TextLine custom="structure {type:default;}" id="eSc_line_d4cff1f9">
        <Coords points="899,969 898,946 818,939 817,939 816,939 800,945 783,950 770,944 758,938 757,938 726,938 725,938 724,938 723,938 715,943 712,946 706,943 694,938 693,938 692,938 647,942 638,943 636,942 629,938 628,938 627,938 587,938 586,938 567,941 531,948 519,942 518,942 517,942 516,942 498,949 400,949 382,943 381,943 380,943 379,943 378,943 370,949 346,949 333,940 332,940 331,940 330,940 329,940 311,948 293,948 283,941 282,941 281,941 280,941 252,947 234,937 233,937 232,937 232,937 231,937 210,942 187,936 186,962 186,974 234,974 235,974 241,979 242,979 243,979 244,979 245,979 260,975 264,974 336,976 344,976 384,994 385,994 386,994 427,990 428,990 456,978 464,975 493,975 504,978 528,987 528,987 529,987 579,980 607,976 616,980 641,994 642,994 643,995 715,995 715,994 716,994 741,986 759,992 760,992 760,992 761,992 770,988 806,995 807,996 862,996 862,995 863,995 898,985 899,969"/>
        <Baseline points="186,962 314,967 899,969"/>
        <TextEquiv index="0">
          <Unicode>Mittel, in dieſem Monat, 2 Schweſtern ins ge⸗</Unicode>
        </TextEquiv>
        <TextEquiv conf="0.9742" index="1">
          <Unicode>Mittel, in dieſem Monat, 2 Schweſtern ins ge⸗</Unicode>
        </TextEquiv>
      </TextLine>
      <TextLine custom="structure {type:default;}" id="eSc_line_caa0d851">
        <Coords points="184,1010 184,1024 196,1024 196,1023 197,1023 198,1023 198,1022 205,1016 241,1020 256,1022 256,1022 270,1019 292,1014 320,1017 370,1022 371,1022 372,1022 373,1022 381,1015 388,1020 389,1020 390,1020 391,1020 392,1020 392,1020 400,1014 400,1008 397,990 390,990 389,990 379,980 379,979 378,979 377,979 376,979 347,985 339,978 339,977 338,977 337,977 304,977 303,977 302,977 279,989 258,984 257,984 256,984 256,984 255,984 247,991 246,992 220,992 220,991 209,982 208,982 208,982 207,982 206,982 183,990 184,1010"/>
        <Baseline points="184,1010 400,1008"/>
        <TextEquiv index="0">
          <Unicode>ſunde Reich.</Unicode>
        </TextEquiv>
        <TextEquiv conf="0.9442" index="1">
          <Unicode>ſunde Reich.</Unicode>
        </TextEquiv>
      </TextLine>
      <TextLine custom="structure {type:default;}" id="eSc_line_86f4e6ad">
        <Coords points="895,1034 880,1034 879,1033 868,1025 867,1025 866,1025 865,1025 864,1025 850,1033 848,1034 823,1034 820,1032 778,1012 777,1012 729,1012 728,1012 698,1019 688,1012 688,1012 687,1012 592,1012 591,1012 590,1012 589,1012 566,1027 557,1033 502,1032 492,1026 488,1024 487,1024 486,1024 485,1024 480,1026 467,1032 458,1026 440,1012 439,1012 438,1012 392,1012 391,1012 390,1012 389,1012 370,1024 356,1034 324,1034 312,1024 311,1024 310,1024 309,1024 308,1024 284,1032 257,1024 256,1024 256,1024 220,1032 187,1021 186,1055 186,1066 275,1066 277,1066 316,1081 317,1081 318,1081 372,1081 372,1081 373,1081 416,1066 417,1066 491,1066 492,1066 512,1081 512,1081 513,1081 514,1081 667,1081 667,1081 730,1073 759,1080 760,1080 805,1073 806,1073 807,1073 816,1066 896,1066 896,1053 895,1034"/>
        <Baseline points="186,1055 618,1058 896,1053"/>
        <TextEquiv index="0">
          <Unicode>Das große Mädgen Cornelia Hornin am</Unicode>
        </TextEquiv>
        <TextEquiv conf="0.9824" index="1">
          <Unicode>Das große Mädgen Cornelia Hornin am</Unicode>
        </TextEquiv>
      </TextLine>
      <TextLine custom="structure {type:default;}" id="eSc_line_924fa2ce">
        <Coords points="182,1105 182,1117 281,1121 282,1121 308,1115 328,1111 350,1114 387,1120 388,1120 389,1120 410,1113 421,1119 422,1119 423,1120 461,1120 461,1119 462,1119 463,1119 471,1112 475,1109 494,1109 497,1111 506,1118 507,1118 508,1118 509,1119 542,1119 542,1118 578,1117 579,1117 598,1109 601,1108 605,1109 624,1115 625,1115 626,1115 661,1108 666,1107 672,1108 699,1111 700,1111 741,1106 744,1106 745,1106 758,1112 759,1112 760,1112 760,1112 780,1105 782,1105 840,1105 840,1105 852,1109 853,1109 854,1109 903,1103 903,1096 900,1076 848,1079 843,1076 837,1071 836,1071 835,1071 834,1071 833,1071 820,1076 819,1076 814,1076 764,1072 763,1072 762,1072 753,1076 747,1080 743,1076 739,1073 738,1073 737,1073 690,1073 689,1073 688,1073 688,1073 681,1076 673,1081 617,1078 616,1078 616,1078 606,1082 597,1077 593,1074 592,1074 592,1074 569,1074 568,1074 568,1074 567,1074 564,1077 556,1082 528,1078 527,1078 526,1078 525,1078 517,1084 467,1084 448,1079 447,1079 412,1078 372,1077 371,1077 370,1077 369,1077 368,1078 357,1086 322,1086 296,1080 296,1080 295,1080 294,1080 272,1086 249,1079 248,1079 248,1079 247,1079 226,1087 181,1079 182,1105"/>
        <Baseline points="182,1105 903,1096"/>
        <TextEquiv index="0">
          <Unicode>am 3ten und alſo gerade am heil. Abend vor</Unicode>
        </TextEquiv>
        <TextEquiv conf="0.9839" index="1">
          <Unicode>am 3ten und alſo gerade am heil. Abend vor</Unicode>
        </TextEquiv>
      </TextLine>
      <TextLine custom="structure {type:default;}" id="eSc_line_a6353c83">
        <Coords points="182,1151 182,1164 253,1163 256,1165 264,1170 264,1170 265,1170 266,1170 267,1170 279,1165 281,1163 283,1165 289,1169 290,1169 291,1169 292,1170 334,1170 334,1169 335,1169 336,1169 343,1165 345,1163 369,1165 389,1166 390,1166 391,1166 395,1165 406,1161 411,1165 416,1169 417,1169 418,1169 419,1169 420,1169 421,1169 425,1165 429,1162 438,1165 441,1166 442,1166 443,1166 444,1166 448,1165 461,1160 471,1165 473,1166 474,1166 475,1166 476,1166 479,1165 490,1160 521,1160 551,1165 576,1169 577,1170 662,1170 662,1169 731,1168 732,1168 739,1165 758,1159 780,1164 781,1164 782,1164 783,1164 784,1164 792,1159 800,1163 801,1163 802,1163 871,1159 901,1165 903,1148 901,1116 873,1116 872,1116 872,1116 847,1129 818,1129 801,1116 800,1116 800,1116 799,1116 794,1117 767,1122 754,1120 753,1120 752,1120 752,1120 751,1120 740,1129 719,1129 696,1121 696,1121 695,1121 694,1121 693,1121 682,1129 661,1129 623,1121 622,1121 621,1121 600,1127 576,1120 575,1120 574,1120 573,1120 572,1120 557,1130 513,1130 497,1119 495,1117 494,1117 493,1117 492,1117 404,1119 403,1119 400,1120 384,1127 368,1121 367,1120 366,1120 365,1120 364,1120 361,1121 353,1123 336,1121 317,1118 316,1118 315,1118 314,1118 311,1121 301,1129 286,1121 279,1118 278,1118 277,1118 276,1118 275,1118 272,1121 258,1131 224,1131 208,1121 200,1118 199,1118 198,1118 181,1121 182,1151"/>
        <Baseline points="182,1151 903,1148"/>
        <TextEquiv index="0">
          <Unicode>dem Feſte, welches vom ganzen Chor als ein be⸗</Unicode>
        </TextEquiv>
        <TextEquiv conf="0.9834" index="1">
          <Unicode>dem Feſte, welches vom ganzen Chor als ein be⸗</Unicode>
        </TextEquiv>
      </TextLine>
      <TextLine custom="structure {type:default;}" id="eSc_line_5b748ab4">
        <Coords points="177,1196 179,1218 192,1209 217,1216 218,1216 219,1216 220,1216 221,1216 228,1210 238,1216 239,1216 240,1217 271,1217 271,1216 352,1208 369,1215 370,1215 371,1215 372,1215 398,1207 424,1207 444,1215 445,1215 446,1216 446,1215 447,1215 466,1207 503,1215 504,1216 558,1216 559,1216 559,1215 560,1215 560,1215 573,1205 589,1205 684,1213 685,1213 686,1213 709,1204 744,1204 784,1213 784,1213 785,1213 816,1203 844,1212 845,1212 846,1213 897,1213 898,1190 896,1168 873,1162 872,1162 872,1162 863,1168 849,1175 824,1175 816,1169 816,1169 815,1169 814,1169 785,1169 782,1167 774,1161 773,1161 772,1161 740,1161 739,1161 738,1161 737,1161 728,1167 715,1175 701,1169 700,1169 699,1169 662,1176 653,1169 652,1169 651,1169 632,1169 631,1169 630,1169 602,1176 585,1167 579,1163 578,1163 560,1163 559,1163 558,1163 557,1163 553,1167 539,1177 492,1172 491,1172 461,1177 427,1167 426,1167 425,1167 424,1167 390,1177 353,1166 350,1165 349,1165 348,1165 347,1165 344,1166 318,1178 297,1175 296,1175 269,1179 232,1166 232,1166 176,1166 177,1196"/>
        <Baseline points="177,1196 898,1190"/>
        <TextEquiv index="0">
          <Unicode>ſondrer Gnaden⸗Beſuch angemerckt wurde;</Unicode>
        </TextEquiv>
        <TextEquiv conf="0.9787" index="1">
          <Unicode>ſondrer Gnaden⸗Beſuch angemerckt würde;</Unicode>
        </TextEquiv>
      </TextLine>
      <TextLine custom="structure {type:default;}" id="eSc_line_b325a6f0">
        <Coords points="176,1233 175,1249 228,1250 229,1251 240,1259 241,1259 242,1259 243,1259 311,1253 332,1251 337,1254 345,1257 346,1257 347,1257 391,1256 406,1265 407,1265 408,1265 408,1265 409,1265 425,1258 447,1266 448,1266 448,1267 504,1267 504,1266 504,1266 505,1266 520,1257 525,1255 530,1258 548,1267 549,1267 550,1268 672,1268 672,1267 673,1267 684,1262 697,1254 755,1252 773,1263 774,1263 775,1263 776,1264 808,1264 808,1263 809,1263 831,1256 857,1265 863,1267 864,1267 864,1267 865,1267 871,1265 888,1260 901,1266 904,1235 903,1209 893,1207 892,1207 891,1207 888,1209 871,1217 850,1209 840,1204 839,1204 838,1204 811,1209 791,1213 776,1209 757,1204 756,1204 654,1204 653,1204 652,1204 632,1211 612,1217 601,1211 592,1205 591,1205 590,1205 589,1205 588,1205 576,1211 574,1212 571,1211 559,1208 558,1208 557,1208 556,1208 555,1208 550,1211 539,1217 506,1217 499,1212 488,1203 487,1203 486,1203 461,1203 460,1203 459,1203 437,1213 432,1215 426,1213 404,1205 403,1205 402,1205 401,1205 400,1205 390,1213 384,1217 335,1217 328,1214 313,1206 312,1206 312,1206 311,1206 310,1206 297,1214 292,1217 176,1216 176,1233"/>
        <Baseline points="176,1233 904,1235"/>
        <TextEquiv index="0">
          <Unicode>u. am 15ten die ledige Schweſter Johan̅a Maria</Unicode>
        </TextEquiv>
        <TextEquiv conf="0.9523" index="1">
          <Unicode>u. am 15ten die ledige Schweſter Johan̅a Mania</Unicode>
        </TextEquiv>
      </TextLine>
      <TextLine custom="structure {type:default;}" id="eSc_line_5d84f19d">
        <Coords points="176,1283 176,1296 184,1302 184,1302 185,1302 186,1302 225,1299 249,1304 250,1304 251,1304 261,1299 294,1302 295,1302 296,1302 311,1294 319,1301 320,1301 320,1301 321,1301 322,1301 323,1301 323,1300 330,1292 365,1291 365,1279 362,1253 347,1253 344,1251 328,1240 328,1240 327,1240 326,1240 325,1240 324,1240 310,1249 304,1254 290,1249 289,1249 288,1249 288,1249 287,1249 278,1256 247,1256 235,1246 232,1243 232,1242 231,1242 230,1242 229,1242 174,1242 176,1283"/>
        <Baseline points="176,1283 365,1279"/>
        <TextEquiv index="0">
          <Unicode>Hamrichin.</Unicode>
        </TextEquiv>
        <TextEquiv conf="0.9802" index="1">
          <Unicode>Hamrichin.</Unicode>
        </TextEquiv>
      </TextLine>
      <TextLine custom="structure {type:default;}" id="eSc_line_994a4086">
        <Coords points="197,1321 197,1328 229,1333 230,1333 262,1328 272,1335 272,1335 273,1335 274,1336 313,1336 313,1335 314,1335 325,1330 368,1334 368,1334 369,1334 386,1326 390,1326 496,1331 496,1331 533,1324 534,1324 535,1324 555,1331 556,1331 557,1331 558,1331 575,1323 576,1323 630,1323 648,1323 656,1329 657,1329 658,1329 659,1330 681,1330 681,1329 716,1321 719,1321 727,1321 796,1326 797,1326 828,1320 834,1320 840,1320 877,1326 878,1326 925,1319 925,1311 932,1296 923,1271 887,1271 886,1271 885,1271 879,1272 852,1280 840,1274 834,1272 833,1272 832,1272 703,1273 702,1273 686,1281 672,1288 655,1285 654,1285 653,1285 652,1285 638,1296 562,1297 530,1290 529,1290 528,1290 518,1295 505,1289 478,1277 477,1277 476,1277 475,1277 445,1292 439,1295 428,1293 410,1289 409,1289 408,1289 398,1294 397,1295 396,1294 385,1288 384,1288 384,1288 383,1288 382,1288 371,1296 362,1301 331,1301 326,1297 313,1288 312,1288 312,1288 311,1288 310,1288 291,1299 287,1301 276,1299 254,1296 253,1296 252,1296 241,1301 240,1302 240,1301 232,1296 232,1296 231,1296 230,1296 196,1303 197,1321"/>
        <Baseline points="197,1321 925,1311"/>
        <TextEquiv index="0">
          <Unicode>Ein Haupt Umſtand 〚eſ〛in dieſem Monat iſt auch</Unicode>
        </TextEquiv>
        <TextEquiv conf="0.9783" index="1">
          <Unicode>Ein Haupt Umſtand fin dieſem Monat iſt auch</Unicode>
        </TextEquiv>
      </TextLine>
      <TextLine custom="structure {type:default;}" id="eSc_line_56f1149a">
        <Coords points="248,1321 246,1321 224,1328 206,1323 205,1323 204,1323 203,1323 202,1323 187,1335 168,1335 169,1354 169,1368 206,1368 208,1368 224,1376 224,1376 225,1377 310,1377 310,1376 311,1376 328,1369 332,1367 355,1367 374,1369 411,1376 412,1376 521,1376 521,1376 522,1376 531,1370 537,1368 548,1371 558,1374 559,1374 560,1374 589,1371 600,1370 613,1371 649,1375 650,1375 651,1375 661,1371 677,1366 692,1372 700,1375 701,1375 702,1375 703,1375 712,1372 733,1365 877,1365 889,1373 890,1374 891,1374 892,1374 893,1374 916,1373 916,1351 914,1317 861,1317 860,1317 859,1317 856,1318 830,1331 809,1319 806,1317 805,1317 804,1317 729,1317 728,1317 728,1317 719,1321 710,1326 686,1323 685,1323 684,1323 666,1333 621,1333 608,1324 607,1322 606,1322 605,1322 568,1318 568,1318 567,1318 552,1326 551,1326 538,1319 537,1319 536,1319 520,1321 520,1321 519,1321 511,1327 498,1334 423,1334 413,1329 392,1320 391,1320 390,1320 389,1320 363,1330 352,1334 341,1331 332,1328 331,1328 330,1328 329,1328 328,1328 325,1331 320,1335 282,1335 279,1332 256,1320 248,1321"/>
        <Baseline points="169,1354 916,1351"/>
        <TextEquiv index="0">
          <Unicode>daß wir in demſelben die neu revidirten Litur⸗</Unicode>
        </TextEquiv>
        <TextEquiv conf="0.986" index="1">
          <Unicode>daß wir in demſelben die neu revidirten Litar⸗</Unicode>
        </TextEquiv>
      </TextLine>
      <TextLine custom="structure {type:default;}" id="eSc_line_9995946e">
        <Coords points="831,1381 815,1407 836,1402 883,1402 884,1382 883,1360 837,1359 831,1381"/>
        <Baseline points="837,1381 884,1382"/>
        <TextEquiv index="0">
          <Unicode>gien</Unicode>
        </TextEquiv>
        <TextEquiv conf="0.9993" index="1">
          <Unicode>gien</Unicode>
        </TextEquiv>
      </TextLine>
      <TextEquiv>
        <Unicode/>
      </TextEquiv>
    </TextRegion>
    <TextRegion custom="structure {type:text;}" id="eSc_textblock_320be292">
      <Coords points="123,1552 173,1594 53,1598 46,1559 72,1549"/>
      <TextEquiv>
        <Unicode/>
      </TextEquiv>
    </TextRegion>
    <TextRegion custom="structure {type:text;}" id="eSc_textblock_a79948e0">
      <Coords points="982,1552 992,1591 762,1591 769,1552 899,1549"/>
      <TextEquiv>
        <Unicode/>
      </TextEquiv>
    </TextRegion>
  </Page>
</PcGts>
