1000 1598
148 55 199 113 72.
196 138 921 205 übrigen Verſam̅lungen viel gutes
193 191 744 252 und ſeliges wiederfahren.
240 246 927 313 Jn Bath ſind Geſchwiſter Yarrels
198 299 921 360 an Geſchwiſter Rice Stelle einge⸗
190 344 920 408 treten, welche der daſigen Gemeine
198 393 912 457 7 Jahre treulich gedient haben. Das
190 441 917 511 Gemeinlein hatte bey der Gelegenheit
185 484 892 550 den Kelch der Dankſagung; und
174 531 912 602 verband ſich aufs neue beym Creuze
197 579 887 643 zu bleiben, und die Marter
189 628 910 696 Gottes zu treiben. Daſelbſt iſt
188 683 926 745 ein Kind geboren und getauft wor⸗
177 733 913 800 den, und in Kingswood 2 Kinder
186 783 907 841 und eine verehlichte Schweſter iſt
184 844 918 924 am leztern Orte ſelig heimgegangen.
531 1218 904 1278 Der Gem: Nachr: 1770
578 1275 894 1322 20te Woche. I.
