1000 1599
120 142 838 204 17.) Jn gewißen Gegenden haben die Mat⸗
95 191 817 251 \ro/ ſen die Gewohnheit, die, ſo zum erſten⸗
89 228 840 295 mal dahin kom̅en, wie ſies nen̅en zu taufen;
89 268 815 334 wobey allerley unordentliche Dinge vor⸗
88 318 816 382 fallen. Die Geschw. thun am beſten in ſolchen
90 369 816 426 Fällen mit dem Capitain freundlich zu reden
86 413 815 469 und ihn zu erſuchen, es mit den Matroſen
88 453 778 517 abzu thun. Es iſt gut etliche Bouteillen
89 501 799 559 Brandwein mit auf die Reiſe für die
100 545 808 604 Matroſen zu nehmen, und ihnen ſo dan̅
90 594 828 649 ein oder ein Paar bey ſo einer Gelegen⸗
97 635 822 694 heit, durch den Capitain geben zu laßen.
115 677 800 736 18.) Wen̅ ſie dem Koch manchmal ein
92 723 823 779 Gläßgen Brandtwein geben; ſo werden ſie
96 766 847 832 ihn ſo freundlich erhalten, daß ihr Thee⸗Keßel
90 815 554 874 im̅er Plaz am Feuer hat.
106 851 813 914 19.) Wen̅ ſie mit dem Boot ans Schiff
94 902 825 962 gehen, ſo müßen ſie ſich ja hüten, nicht mit
91 950 817 1003 den Händen am board des Schiffes an zu
92 986 817 1042 halten; weil man ſonſt gar leicht gegen
98 1038 795 1090 das Schiff gequetſchet werden kan und
97 1082 726 1132 Hand oder Finger verlieren kan.
143 1122 744 1169 3. Bericht der Gemeine in
175 1169 816 1221 Herrnhuth vom Monat May 1770.
110 1212 817 1269 1.) Jn dieſem Monat hatten wir verſchie⸗
95 1252 834 1314 dene ganz beſonders Distinguirte Gnaden⸗
96 1302 816 1369 tage in der ganzen Gemeine ſo wol, als
843 79 895 132 13.
