1000 1599
73 131 824 199 aus Yorkſhire gebürtig. Sie wurde auf
76 177 832 246 ihrem Krankenbette in die Gemeine auf⸗
75 226 809 294 genom̅en, und konte nicht genug bezeugen
70 270 801 332 wie gnädig und freundlich ſich der Hld.
74 316 823 377 auf dem ſelben an ihrem Herzen bewieſen,
77 358 809 420 und wie ſehr ſich ihr Geiſt Gottes ihres
74 405 806 475 Heilands freue, den ſie nun erſt recht
75 449 792 514 habe ken̅en lernen, als einen Freund
77 495 592 548 und Liebhaber ihrer Seele.
107 530 814 594 2.) Der Br. Wiljam Aſpden aus Lancaſ⸗
76 586 812 641 hire gebürtig, welchem am Tag ſeiner
78 632 301 690 Beerdigung
102 657 834 731 3.) Seine Frau Mar. Aſpden ſelig nachfolg⸗
86 716 804 770 te. Sie heyratheten einander ao.. 32
79 755 784 817 und weil die Frau zu erſt um ihre
80 800 808 859 Seligkeit beküm̅ert und darauf mit
88 844 808 903 Brüdern bekan̅t wurde, nahm ſie ihren
97 893 832 948 Mann mit in die Verſam̅lungen, worin⸗
79 936 811 993 nen er auch für den Heiland gewon̅en
91 977 823 1034 wurde. Da ſie ſonst vorher in vieler
85 1023 809 1081 Uneinigkeit gelebt hatten, ſo wurde
84 1066 812 1121 nun Friede und Einigkeit unter ihnen
85 1111 784 1169 hergeſtellt. Er wohnte ehedem an
84 1152 821 1208 einem Plaze, wo die Brüder öfters
88 1195 813 1259 zu Predigen pflegten; da aber die⸗
84 1242 808 1300 ſes nicht mehr von dem Herrn des
88 1282 808 1352 Orts geduldet wurde, verließ er
819 61 870 120 61.
