1000 1599
144 63 200 113 46.
184 124 908 197 denken gehabt, hier jemanden zu taufen,
181 175 914 240 und hatte geglaubt, das wäre die Perle
184 223 920 278 vor die Säue geworfen, weil die Heiden
183 263 906 321 nur ihren Spott mit unſrer Taufe getrie⸗
186 309 936 374 ben haben. Nun aber zeigt ſich das Gegen⸗
185 361 916 409 theil und die Taufe predigt unter den
185 397 883 460 Indianern. Die ärgſten Feinde ſind ganz
178 443 915 501 ſtille und es darf keiner ſeinen Mund gegen uns
179 485 906 542 auftuhn. Andre in Goschgosching bejam̅ern und
176 532 920 596 bereuen es nun, daß ſie nicht bey uns wohnen, ſon⸗
178 573 866 628 dern unter dem wilden und argen Volck.
175 618 932 683 Nun der, der angehoben hat, Seine Barmherzig⸗
176 668 873 718 keit zu erzeigen, und uns Seine arme und
178 707 906 763 Blöde gnädiglich angeſehen hat, der ſey dafür
182 756 896 812 gelobet und angebetet. Er hat hier in dieſer
180 803 891 853 finſtern Gegend angefangen und wird es
175 841 896 894 auch hin aus führen, daß Er Preis und Ehre
177 883 909 934 davon haben und Seine Gemeine Freude daran
177 929 907 984 erleben wird. Wir wohnen hier ganz in der
182 977 900 1023 Ruhe und Friede, und niemand ſtöret uns.
181 1010 901 1073 Wen̅ auch die Wilden zum Beſuch herkom̅en,
176 1054 912 1128 ſo ſind ſie bey uns ganz zahm, und man glaubt
174 1105 870 1156 kaum daß es dieſelben waren, wie ſie
174 1148 910 1202 in Goschgosching ſind. Es ſcheint der Heiland
169 1195 911 1257 will ſich ein kleines Häuflein hier heraus leſen,
173 1237 900 1296 die wir mit uns an unſern destinirten
173 1283 909 1358 Ort nehmen ſollen, den wir zwar noch nicht recht
793 1329 884 1403 wißen
