1000 1599
120 62 177 114 56.
192 130 895 191 1.) Jn allen Verſam̅lungen, die in gewöhn⸗
167 176 891 234 licher Ordnung gehalten worden, iſt unſer
167 216 896 280 Gottes⸗Läm̅elein in unſrer Mitte geweſen;
171 263 892 323 Einen ganz beſondern Segen aber hat es
168 309 923 370 Jhm gefallen, auf die Lection Seiner Worte
167 351 826 411 und der Geſchichte von Jhm zu legen.
192 392 861 457 2.) An unſerm Gemeintag im Febr. iſt
158 432 859 499 der Knabe David Denter und im Merz
172 477 919 548 Fr. Wiedeman̅ in die Gemeine aufgenom̅en worden.
188 525 888 592 3.) Einen Monat nach dem andern erfuhren
168 572 886 628 wir Seine Einleibung im Sacramente.
169 613 878 678 Jm Febr. ſahen dabey 2 Schweſtern u. im
165 666 747 718 Merz 1 Bruder als Candidaten zu.
193 704 906 770 4.) Zwey Seelen iſt es geglückt, zu ſchauen
161 750 888 809 Sein Antliz klar, nehmℓ. am 18tn Januar der
168 794 880 849 ledigen Schweſter Elis. Jaquilard und
168 836 896 893 am 25ten Merz nahm er die kleine Louiſe
166 876 899 939 Doroth. Eliſabeth zu ſich, die im verwichnen
157 925 903 986 Sept. unſern l. Geſchwiſtern Fr. v. Watteville
176 978 584 1025 hier geboren worden.
191 1013 886 1072 5.) Ein Paar iſt unter einem ſeligen Ge⸗
170 1064 885 1114 fühl getraut worden; nehmlich am 10tn Merz
158 1101 890 1164 der Bruder Lanzer mit der Schweſter Chri⸗
163 1147 417 1203 stine Groſsin.
188 1187 848 1248 6.) Abgegeben haben wir aus unſrer Mitte:
205 1234 895 1301 a.) Geſchw Albrecht Dietrichs am 29t Januar
246 1280 889 1350 mit welchen zugleich die Schweſter Joha
797 1331 880 1378 Dor.
