1000 1598
104 134 825 194 welche man ſonſt ſehr ſchwer von ihnen
101 181 807 230 erfragen mußte, drin̅en finden.
124 221 809 285 Dieſe Schriften enthalten mehrentheils
102 263 815 330 alte Geſchichte von ihren Helden, die
117 308 826 379 Menſchen und Götter zugleich geweſen
99 354 829 419 ſeyn, ſehr große Kriege geführt, und
107 399 833 451 lauter abentheuerliche Wunder gethan
102 437 841 498 haben ſollen. Sie haben auch eine Art
103 487 799 535 von Sitten⸗Büchern worin̅en alle
102 523 828 578 Untugenden und Tugenden der Men⸗
101 568 830 629 ſchen mit Namen beſchrieben ſind, u.
108 619 830 677 zugleich gezeigt wird, was vor Wohl
105 665 755 715 und Weh auf eine jede folget.
115 704 833 773 Jhre größte Heiligkeit beſteht darin̅,
107 753 846 810 daß ſie eine Menge von dieſen Schrif⸗
105 803 832 849 ten auswendig herbeten können, und
123 843 825 902 daher laßen ſehr viele, die from
111 886 830 941 ſeyn wollen, ihren Roſen⸗Kranz nie
110 927 839 988 aus der Hand. Sehr ſelten erreicht jemand
107 975 841 1030 nur den geringſten Grad der Vollkom⸗
108 1015 833 1068 menheit im auswendig lernen; weil
121 1059 818 1113 der Schriftten von allerley Art eine
115 1106 822 1162 große Menge ist. So bald es aber
109 1147 819 1208 præſtirt und nach ihren Sitten und
130 1194 831 1253 Lehrſäzen einher geht, daß er z. E.
109 1242 838 1292 beſtändig betet, keine lebendige Crea⸗
115 1281 833 1343 tur ums Leben bringt, den Armen
825 61 879 111 81.
