1000 1599
112 71 167 122 42.
174 136 900 192 Dagegen ſind von Marienborn 3 led. Schweſtern
169 182 912 235 zum bleiben hieher gekom̅en, nemlich Dor. Mar.
168 222 910 279 Groſsin, Erneſtine Limbertin u. Cath. Frca Junkerin.
193 270 895 324 Vom 22ten bis 31ten waren unſre l. Geſchwiſter
170 313 900 368 Joh. Nitſchman̅s, auf einen Beſuch der Gemeinlein
173 357 896 415 in Amsterdam und Harlem; ſahen und ſprachen
172 400 888 462 die Geſchwiſter an beyden Orten u. halfen
173 447 896 511 in dem vorſeyenden Angelegenheiten, das beſte
172 493 294 540 rathen.
200 529 886 598 Jm Ehe⸗Chor iſt in dieſem Monat, der im
173 574 902 636 lezten Synodo recomendirte Beſuch im Chor, regu⸗
172 621 913 679 lirt, u. nunmehro der Anfang damit gemacht worden.
189 670 894 723 Sonſt iſt auch in dem Monat, eine Holländiſche
168 712 898 766 Stunde eingerichtet worden, welche ſeit dem
170 758 865 811 wöchentlich, des Don̅erſtags gehalten wird.
193 803 914 881 Der ſehnliche Wunſch nach mehrerer Frucht
161 847 878 901 des Zeugnißes, von Jeſu Todte, an den
166 888 910 965 Seelen in dieſer Gegend, iſt bey der Gelegen⸗
172 935 830 988 heit, von neuem wieder rege worden.
214 975 903 1030 Jn die Gemeine iſt in dem Monat die
169 1018 909 1085 ledige Schweſter Henriette Meyerboth, auf⸗
172 1073 528 1124 genom̅en worden.
253 1099 895 1170 4.) Von Norden in Ost⸗Friesland,
318 1158 752 1201 vom Monat May 1770.
191 1200 912 1249 Jn dieſem Monat iſt ein Extract aus dem
171 1243 937 1300 Diario u. Verlaß des lezten Synodi, den AbMls⸗
176 1299 807 1364 Geſchw. zum Segen Com̅unicirt worden.
796 1338 878 1382 Der
