1000 1599
119 70 180 119 38.
200 147 857 206 1.) Am 10ten May die ledige Schweſter
180 195 876 249 Marg. Barb. Pflaumerin. Sie ward Anno
184 242 884 294 1738 zu Weiſsenburg am Sand geboren,
182 285 903 344 kam Ao. 68 hieher zur Gemeine, lern̅te ſich
178 334 881 382 gründlich kennen und krigte einen wahren
179 373 852 428 Eindruck vom blutigem Verdienſt Jeſu.
176 420 923 478 Ao: 68 und 69 wurde ſie der Gemein⸗Gna⸗
184 461 896 518 den zu ihrer Freude theihaftig u. ging
178 515 910 566 einen ſeligen Gang. Da ſie ihrer Wallfahrt
184 557 909 614 Ziehl vor ſich ſahe, wiederholte ſie öfters:
183 607 898 652 Laß mich nur, Herr Jeſu, bis zum Er⸗
175 644 926 723 blaßen, dich unverrücklich ins Auge faßen p
176 688 903 751 Amen, ja Herr Jeſu! kom̅, bleib nicht lange p
189 747 903 795 2.) Am 31ten das große Mädgen Anna Marg.
176 784 871 836 Sprügelin. Sie war ao. 1753 zu Anſpach
174 821 904 877 geboren, kam ao: 66. hieher zur Gemeine u.
176 868 892 920 gelangte darauf zum Genuß der Gemein⸗
177 911 882 960 Gnaden. Sie hatte ein treues, zärtliches,
174 948 888 1009 und an den Hld. anhängliches Herz und
171 994 917 1053 weidete in Seinem Verdienſt u. Leiden.
194 1033 893 1089 3.) Jn unſrer Diaspora iſt am 17ten May
177 1078 896 1135 in Bayreuth der Hof⸗Cantor Distler
176 1125 949 1185 ſelig entſchlafen, im 50ten Jahr ſeines Alters.
178 1176 888 1227 Er hat verſchiedene mal in Ebersdorf
180 1222 904 1273 beſucht, las die Gemein⸗Nachrichten und
176 1262 874 1314 hatte den Heiland u. Sein Volck lieb.
182 1303 896 1374 Geſchw. Dupps beſuchten ihn vor ſeinem
763 1346 897 1400 Heimgang
