1000 1599
96 135 811 208 Jch hoffe aber, daß es ins künftige ge⸗
89 188 815 245 ſchwinder gehen wird, weil wir doch
80 230 808 293 bereits das ſchwerſte überſtanden
87 278 237 336 haben.
165 294 833 377 b.) Von Br. Ham̅el d. d. Sarepta
338 357 643 420 20tn Jan 1770.
110 394 833 461 Jch bin durch meines lieben Heilds
95 441 814 511 Gnade und Erbarmung die Zeit
93 493 806 550 her ſelig und vergnügt geweſen.
95 529 837 597 Nichts als Jesu Chriſti Gnade, Nichts
92 580 816 639 als Sein Verdienſt allein, war
93 620 830 682 mir armen Wurm und Made, be⸗
96 668 814 726 ſonders verwichenen Som̅er in
107 711 827 769 der Calmucken⸗Horde, mein ein⸗
103 751 822 821 ziger Trost, Rath und Selig ſeyn.
109 801 823 859 Verwichenen Winter ſtanden wir
99 839 816 901 mit dem Tochmut nicht weit
100 890 809 947 von Sarepta, auf einer kleinen
103 934 802 994 Jnſel, und im FrühJahr ſind wir,
94 982 823 1040 mit ihm in der Steppe zum erſten⸗
103 1026 823 1088 mal zur Horde gezogen. Wir haben
100 1073 804 1133 zwar dabey von außen allerley
97 1120 808 1177 beſchwerlichkeiten erfahren, wir
102 1160 809 1213 können aber auch dem Heiland
106 1196 828 1262 dancken für die gnädige Bewah⸗
95 1248 804 1299 rung in würcklichen Gefahren.
122 1292 808 1357 Der Calmucken ihre Abgöttereyen
817 55 872 107 87.
