1000 1598
87 139 784 213 Chorfeſt im Febr. ſehr geſegnet, und ſie
93 194 806 252 verbanden ſich beim Kelch der Dankſa⸗
88 237 803 294 gung, ihrem ewigen Manne treue Seelen
87 279 827 343 zu ſeyn. Jm Ehe⸗Chor ſind die Beſuche
84 331 645 382 real und angenehm geweſen.
117 363 801 432 Jn Riſely, woſelbſt die Verſam̅lun⸗
82 408 805 473 gen von Zeit zu Zeit von Bedford aus
88 455 821 510 beſorgt und mit Gnade gehalten worden,
89 502 832 557 ſind 2 junge Weibsleute ſelig heimgegangen.
93 547 785 600 Vom 19ten bis 24ten Mart. wurde
88 590 829 648 in Bedford ein zum Tode verurtheil⸗
90 632 803 688 ter von den Brüdern im Gefängniß
89 676 807 737 beſucht. Er blieb bis ans Ende dabey,
91 720 804 775 daß er in Abſicht auf den Straßen⸗
88 764 818 814 Raub, deswegen man ihn verurtheilet
90 814 812 876 habe, zwar unſchuldig ſey, ſonſt aber
92 863 785 906 viele Sünden begangen habe und
89 895 811 951 bezeugte ſolches 2 Stunden vor der
90 944 817 996 Execution gegen einen Bruder, u. that
92 989 818 1047 hinzu: Er habe den Herrn Jeſum von
91 1028 817 1088 Herzen um Gnade und Vergebung aller
92 1077 795 1132 ſeiner Sünden gebeten; es ſey ihm
89 1119 824 1175 ganz wohl zu Muthe und er ſey des Friedens
88 1164 816 1225 mit Gott verſichert und daß Er ſeine Seele
93 1211 814 1259 aus Gnaden zu Sich nehmen werde.
95 1257 815 1307 Er bezeugte ſich überhaupt jedes mal
80 1298 792 1358 danckbar gegen die Brüder für
815 64 866 127 69.
