1000 1598
144 69 206 119 70.
189 140 916 205 ihren Beſuch in ſeiner betrübten Situa⸗
188 191 910 254 tion, und wir hoffen, daß das Wort
187 235 904 296 der Verſöhnung, das er gehört, an ihm
187 281 902 336 nicht verloren ſeyn wird. Da er
189 324 902 383 auf dem Richt⸗Plaz war, that er
188 366 886 425 noch ein öffentliches Bekäntnis von
184 411 891 468 ſeiner Unſchuld in Abſicht auf den
185 454 904 517 Straſſen⸗Raub: daß er allen denen,
178 500 878 561 die an ſeinem Todte Schuld wären,
190 552 898 603 gerne vergebe, und daß er im
190 592 912 650 Friede mit Gott und allen Menſchen
181 636 904 688 ſterbe. Seine lezten Worte waren:
191 680 888 743 Herr Jeſu! nim̅ meine Seele zu dir!
235 757 905 819 9.) Von Briſtol, Bath u. Kingswood
253 815 928 872 wird von Jan: bis Merz 1770 gemeldet:
214 860 881 906 Jm Monat Januar ſind uns die
182 896 896 952 2 Abendmahle am Neujahrs⸗Tage und
182 940 912 1001 am 26ten, da wir zugleich den Gedenck⸗
183 989 887 1042 tag der Einrichtung der Gemeine in
181 1028 904 1085 Briſtol vor 15 Jahren begingen, beſon⸗
173 1076 910 1129 ders anmercklich. Br. Latrobe war an
180 1119 876 1174 dem Tage zu unſrer Freude bey uns.
206 1164 900 1222 Die Com̅unication des Verlaßes des
183 1206 917 1264 lezten Synodi, machte einen ſeligen Ein⸗
171 1251 908 1309 druck auf die Herzen der Geſchwiſter.
180 1299 925 1368 Jm Febr. machte Br. Voelkel bekantſchaft
817 1352 900 1402 mit
