1000 1599
141 64 200 116 64.
198 129 792 195 die erſte Bibel⸗Lection mit Segen.
199 185 919 238 Am Heidenfeſt gedachte die Gemeine mit
191 230 935 285 vieler Angelegenheit des Herzens, der Heiden
195 272 935 331 und unſrer Boten unter denſelben, u. die Nach⸗
192 317 894 373 richten, die von dem Wercke Gottes unter
192 361 915 421 denſelben nachgehends an Gemeintagen geleſen
199 408 922 458 wurden, waren ihr zu vieler Freude u. Erbauung.
208 448 912 504 Jm heiligen Abendmahl hat der Heiland in dieſen
160 489 910 546 Monaten Seine Gemeine mit Seinem Leib und
191 533 885 595 Blut aufs ſeligste gelabet u. geſtärckt. Eine
189 583 889 632 ledige Schweſter u. 1 groß Mädgen ſind zum
195 626 908 682 Genuß deßelben gelangt und zur Aufnahme
189 669 912 731 in die Gemeine 3 led. Schweſtern u. 2 gr. Mädgen.
200 722 880 769 Jm ledgen Brüder und led. Schweſtern Chor
189 757 908 814 ſind die Geſellſchafften und bey den Wittwen
184 803 896 857 die Claßen mit erneuerter Gnade wieder
187 850 890 905 angefangen worden. Unter den Mädgen
189 893 895 945 in der Anſtalt merckt man ein wahres
190 934 904 987 Verlangen, dem Hld. ganz zur Freude zu werden,
183 980 920 1036 und bey ihrem täglichen Singen iſt ein liebliches
192 1020 901 1074 Gefühl. Den Knäbgen in der Anſtalt iſt der
185 1069 912 1117 Neu⸗Jahrs Tag ein beſonders geſegnetes Anden⸗
189 1113 884 1163 cken. Das Feſt der großen Knaben wurde
192 1151 887 1203 d. 18tn Merz nachgefeyert. Es waren ihrer
186 1194 888 1249 100 beyſam̅en und ſie wurden dem Herzen
189 1241 901 1296 Jeſu angelegentlich zum Segnen empfohlen.
182 1284 907 1349 5 AbendMahls⸗Knaben hatten den Bundes Kelch.
774 1332 857 1406 Zu
