1000 1598
141 56 198 106 86.
182 134 669 194 nichts verderben möge.
252 188 890 246 Was das lernen der Sprache
182 228 910 292 betrifft, ſo ſind wir ſo weit, daß
183 269 924 335 wir zimlich alles, was im gemei⸗
181 317 888 379 nen Leben vor kom̅t, mit ihnen
168 361 493 409 reden können.
205 399 909 465 Der Tochmut, ſeine Familie u.
184 446 900 499 wer uns kennet, haben uns mit
182 487 888 553 Respect und Liebe behandelt. Jn
184 533 883 597 der Lebens⸗Art, die freylich
170 582 899 644 von der deutſchen ſehr verſchieden
179 627 900 687 iſt, haben wir auch profitirt.
146 667 889 735 Die Sprache gründlich zu lernen
174 718 901 780 wird freylich etwas langſam gehen.
177 762 880 818 Der Stilus in ihren Schrifften und
164 800 906 875 beſonders in geiſtlichen Materien
175 848 909 911 iſt von der gemeinen Redenſart
175 894 925 951 ſo verſchieden, daß man ohne eine
180 940 899 1004 aparte beſchreibung der fremden
140 986 883 1043 Worte und Aus drücke nichts
153 1022 518 1082 verſtehen kan.
197 1065 889 1127 Wen̅ man alſo einen ſolchen
178 1107 899 1173 Gelehrten nicht bey ſich hat, der
174 1154 879 1216 es ſelbſt verſteht, (: den̅ die
177 1200 891 1266 meiſten verſtehen es ſelber nicht :)
178 1248 879 1329 ſo iſt freyℓ. nicht viel zu machen.
815 1319 877 1374 Jch
