1000 1598
87 137 822 195 nur bey den Heiden, ſondern auch bey denen,
94 183 737 240 die zur Chriſtlichen Religion gehören.
140 224 850 282 Wir wollen alſo unſre l. Brüder u. Schweſtern
88 268 849 327 die nun ihre Reiſe zu den Heiden vor ſich haben,
91 315 811 380 aufs herzlichſte bitten, ſich auch in dem Theil
95 362 825 417 willig finden zu laßen; und ihr möglichſtes
95 404 828 459 zu thun, daß ſie die dortige Haushaltung
95 449 810 508 thätlich unterſtüzen, und ihr durchkom̅en
93 493 802 549 erleichtern helfen. Es gehört das zu der
89 539 829 595 Heiden⸗Boten ihrem Ruhm an Chriſto, den
89 585 827 644 Paulus ſo hoch zu ſchäzen wußte, daß er
93 627 787 680 lieber ſterben, als den verlieren wolte.
119 669 839 727 Unſre lieben Brüder u. Schweſtern werden auch
96 715 824 769 wen̅ ſie zu den Heiden⸗Gemeinen kom̅en,
96 759 824 814 ſich in Acht nehmen müßen, daß ſie dieſelben
95 804 827 856 nicht nach unſren Gemein⸗Orten in Deutsch⸗
95 847 813 902 land meßen. Den̅ ob ſie gleich in Abſicht
94 890 796 945 auf den Glauben an Chriſtum und die
93 937 833 987 Liebe unter einander einerley Regel mit
94 979 825 1038 uns haben; ſo ſind doch ihre Unſtände ſo
102 1028 832 1084 verſchieden von den unſrigen, daß man
94 1072 828 1122 unverſtändlich handlen würde, wen̅ man
94 1114 806 1172 unſre Gemein⸗Ordnungen bey ihnen
95 1164 427 1216 einführen wolte.
103 1202 833 1259 Des Heilands Barmherzig⸗ u. Geduldigſeyn
94 1248 817 1303 Sein viel Vergeben, Tragen u. Verſchonen
103 1290 827 1355 iſt auch ungemein groß bey ihnen. Und wen̅
857 68 888 132 7.
