1000 1600
93 120 816 182 unſre Seele in den Staub; ſie war
93 168 807 220 würcklich unſer Troſt und leben.
84 209 818 270 Der Genuß aus dem süßen Evan⸗
88 258 808 308 gelio daß Jeſus Chriſtus kom̅en
88 302 784 351 iſt in die Welt, und Sein
87 343 839 402 Blut vergoßen hat, die Sünder
85 393 832 449 ſelig zu machen, mit dem Bewußt
85 440 799 488 ſeyn unſrer Armuth, die nicht
85 482 802 530 zu ergründen; und der Gottes⸗
81 523 807 574 Friede bey jedem Abendmahl;
80 568 814 627 auch die Nahrung des Herzens
86 616 813 664 aus jedesmaligem Leſen Seines
88 654 812 710 theuren Worts auf dem Saal p
79 701 811 760 ſind uns zum Anbeten reizende
82 738 372 805 Gedächtniße.
165 775 780 838 Da Geſchwiſter Kohlers am
85 829 804 884 Ende vorigen Jahrs nach Herrn⸗
88 872 799 935 huth kamen, traten Geſchwiſter
82 922 798 976 Clemenſens als Ehechor⸗ u. er als
84 961 808 1020 Gemein⸗Helfer an ihre Stelle, u.
79 1011 804 1072 aus Schleſien kamen im Merz Ge⸗
86 1060 803 1109 ſchwiſter Haekners als ihre Gehül⸗
86 1109 818 1153 fen und er zum Gemein⸗Diener⸗
81 1140 800 1191 Amt bey uns an. An die Stelle
82 1185 802 1237 der beyden Chor⸗Arbeiter der
82 1226 805 1278 ledigen Brüder Penner u. Meer⸗
82 1268 813 1331 both, die zum Dienſt des Herrn
80 1313 787 1377 nach Suriname gingen, kam Br.
815 53 888 111 425.
