1000 1599
117 39 186 95 424.
172 115 872 179 dem Herrn geweyht, deßen da
168 169 891 226 ſeyn und Freundlichkeit zum un⸗
141 210 888 279 vergeßlichen Eindruck so erquick⸗
160 257 597 307 lich gefühlt worden.
182 302 885 358 Am 11ten hielt br. Joseph der Ge⸗
167 344 928 401 meine die Predigt und Gemeinſtunde
159 392 896 445 und am 12ten reiſte er mit ſeiner
162 434 904 492 Frau nach zärtlichem Abſchied von uns
156 477 897 534 nach Niesky, und wir waren herz⸗
159 516 895 577 lich danckbar für alles genoßene
162 562 861 628 Gute. Geſchwiſter Spangenbergs
164 612 894 666 hatten auch das Ehe⸗Chor, die Wit⸗
162 656 890 708 wer und Wittwen und er die
166 697 786 760 ledigen Brüder geſprochen.
154 735 894 808 D. 13ten Nov. war auch ein Segens⸗
160 784 888 839 Tag für uns. Beym Liebesmahl
162 828 903 892 waren 5te halb hundert Seelen ge⸗
163 876 874 931 genwärtig, ſich über das Regi⸗
153 924 903 972 ment unſers Herrn unter Seinem
164 959 887 1024 Volck zu freuen, und Er tröſtete
157 1009 615 1058 und beſchämte uns.
196 1050 893 1109 Jn den Memorabilien vom Jahr
154 1091 846 1149 1770 heißts von der Gemeine
155 1138 580 1185 In Klein⸗Welcke:
176 1180 880 1237 Die unausſprechliche große Güte
172 1226 891 1284 des Herrn und Hirten Seiner Ge⸗
164 1273 877 1317 meine und Seines Vaters und
158 1306 882 1369 Geiſtes Treue und Pflege beugt
760 1352 878 1404 unſre
