1000 1598
833 57 876 115 79.
96 134 831 204 wofür wir insgeſam̅t herzlich danken, hat
90 184 824 248 für ſie ſo viel ausgetragen; zu Anfang
87 230 822 288 Sept. richteten wirs auf, und in 5 Wochen
92 277 824 334 waren wir ſo weit fertig, daß ſie ihren
97 313 824 379 Proviant hinein bringen kon̅ten. Jm Augℓ.
93 363 833 415 reſolvirten wir ein Grönländiſches Brüder⸗
96 408 823 463 Haus zu bauen, und dieſen Winter haben
95 450 743 500 an die 40 Brüder drin̅e gewohnt.
165 489 826 549 c.) Br. Math: Stach, bezeugt gleich⸗
96 540 822 585 falls in ſeinem Schreiben unterm 1ten Sept.
96 579 819 632 1769 aus Lichtenfels, daß er ſehnlich ver⸗
96 621 831 674 lange, daß balde ein Bruder zur Viſita⸗
96 664 833 723 tion zu ihnen kom̅en und ſie in den neuen
101 711 826 767 Gnaden⸗Gang darinnen ſich die Brüder⸗
101 752 820 809 Gemeinen befinden, einleiten möge.
145 795 812 859 d.) Br. Mich. Ballenhorſt ſchreibt
177 846 810 915 aus NeuHhuth unterm 18t Merz 1770
372 896 577 934 ebenfalls:
124 925 845 992 Es fällt mir gar oft ein, ob wir nicht
103 976 837 1034 einen Beſuch aus der Gemeine zu er⸗
116 1022 827 1075 warten haben, und ich dencke, daß
109 1064 833 1129 dieſe Hofnung in dem Jahre nicht fehl
113 1116 820 1174 fehl ſchlagen wird. Der Heiland
111 1160 812 1206 wird gewiß Seinen Segen drauf
105 1196 825 1257 legen. Beym heiln AbendMahl hat Er
110 1251 833 1321 ſich an unſrem Gemeinlein beſonders
