<?xml version="1.0" encoding="UTF-8" standalone="no"?>
<PcGts xmlns="http://schema.primaresearch.org/PAGE/gts/pagecontent/2019-07-15" xmlns:xsi="http://www.w3.org/2001/XMLSchema-instance" pcGtsId="GT-OCR-GN_1770_2__GN.A.148__7_739cb" xsi:schemaLocation="http://schema.primaresearch.org/PAGE/gts/pagecontent/2019-07-15 http://schema.primaresearch.org/PAGE/gts/pagecontent/2019-07-15/pagecontent.xsd">
  <Metadata externalRef="https://images.iiif.slub-dresden.de/iiif/2/data%2Fkitodo%2FNachaudeB_1766017886_1770_2%2FNachaudeB_1766017886_1770_2_tif%2Fjpegs%2F00000008.tif.medium.jpg/full/full/0/default.jpg">
    <Creator>escriptorium</Creator>
    <Created>2024-01-26T15:14:56</Created>
    <LastChange>2024-02-16T12:43:21</LastChange>
    <Comments/>
    <MetadataItem name="recognition/post-correction" type="processingStep" value="ocrd-cor-asv-ann-join">
      <Labels externalId="version" externalModel="ocrd-tool">
        <Label type="ocrd-cor-asv-ann-join" value="0.1.14"/>
        <Label type="ocrd/core" value="2.60.2.dev0+gac1f15b3.d20240125"/>
      </Labels>
    </MetadataItem>
  </Metadata>
  <Page imageFilename="7_739cb_default.jpg" imageHeight="1598" imageWidth="1000">
    <TextRegion custom="structure {type:text;}" id="eSc_textblock_bb626610">
      <Coords points="158,71 158,109 117,109 113,78 129,63"/>
      <TextLine custom="structure {type:default;}" id="eSc_line_3ac3755f">
        <Coords points="142,66 133,63 122,67 116,74 118,102 119,130 157,121 156,100 151,69 142,66"/>
        <Baseline points="118,102 156,100"/>
        <TextEquiv index="0">
          <Unicode>2.</Unicode>
        </TextEquiv>
        <TextEquiv conf="0.9985" index="1">
          <Unicode>2.</Unicode>
        </TextEquiv>
      </TextLine>
      <TextEquiv>
        <Unicode/>
      </TextEquiv>
    </TextRegion>
    <TextRegion custom="structure {type:text;}" id="eSc_textblock_0dbbc438">
      <Coords points="811,149 896,166 918,365 907,404 921,536 911,645 932,742 918,813 907,1139 918,1302 928,1289 950,1313 946,1344 918,1376 184,1366 156,1302 163,745 142,659 156,553 149,429 166,142 179,134"/>
      <TextLine custom="structure {type:default;}" id="eSc_line_5d9c37a6">
        <Coords points="869,160 860,158 851,157 842,155 839,154 812,153 803,148 798,148 789,148 783,148 775,154 773,155 738,155 736,153 722,146 718,146 709,146 705,146 691,152 689,153 684,152 658,144 656,144 647,144 638,144 629,144 620,143 611,143 603,143 594,143 587,142 546,150 533,151 530,150 516,142 514,142 505,141 496,141 487,141 478,141 469,140 460,140 452,140 451,140 436,148 433,149 426,148 403,143 402,143 401,143 400,143 396,147 392,150 346,150 338,146 317,136 316,136 315,136 274,145 263,147 259,144 242,135 241,135 203,135 202,135 201,135 176,142 176,181 176,200 210,194 273,202 278,202 279,202 280,202 281,202 297,192 316,197 317,197 317,197 318,197 333,191 340,197 341,197 341,197 342,197 343,197 344,197 351,192 395,192 460,199 461,199 520,194 551,198 552,198 553,198 554,198 560,194 642,205 643,205 644,205 645,205 674,197 727,196 744,206 745,206 746,206 758,207 778,207 779,207 780,207 803,197 818,208 819,208 820,208 821,209 886,209 887,189 875,161 869,160"/>
        <Baseline points="176,181 887,189"/>
        <TextEquiv index="0">
          <Unicode>Beruf zu der Arbeit unter den Heiden</Unicode>
        </TextEquiv>
        <TextEquiv conf="0.9969" index="1">
          <Unicode>Beruf zu den Arbeit unter den Heiden</Unicode>
        </TextEquiv>
      </TextLine>
      <TextLine custom="structure {type:default;}" id="eSc_line_913bf2ea">
        <Coords points="897,209 841,210 830,207 809,201 808,201 807,201 806,201 787,206 767,213 748,205 730,199 730,199 729,199 687,204 679,198 678,198 677,198 676,198 637,202 604,197 603,197 603,197 602,197 595,203 592,205 588,203 581,197 580,197 579,197 512,196 511,196 487,201 442,211 255,209 246,201 245,201 244,201 243,201 199,207 177,195 176,223 176,237 345,237 358,237 362,240 376,250 377,250 378,250 379,250 414,244 423,250 424,250 425,250 426,250 427,250 435,247 444,253 444,253 445,253 446,253 447,253 448,253 456,247 465,253 466,253 467,253 468,254 500,254 500,253 501,253 524,244 543,250 544,250 545,250 546,250 561,242 562,242 583,255 584,255 585,255 622,256 623,257 674,257 674,256 674,256 698,245 713,257 714,257 714,257 789,259 790,259 791,259 792,259 800,253 821,255 822,255 823,255 843,245 897,245 899,233 897,209"/>
        <Baseline points="176,223 595,235 899,233"/>
        <TextEquiv index="0">
          <Unicode>und die unverdiente Gnadenwahl, die</Unicode>
        </TextEquiv>
        <TextEquiv conf="0.979" index="1">
          <Unicode>und die unverdiente Gnadenswahl, die</Unicode>
        </TextEquiv>
      </TextLine>
      <TextLine custom="structure {type:default;}" id="eSc_line_bd88f594">
        <Coords points="174,279 213,280 226,291 227,291 228,291 229,291 242,288 251,295 252,295 253,295 253,295 287,292 288,292 312,282 335,282 373,296 374,296 375,296 376,296 407,284 452,283 468,293 469,293 470,293 471,293 485,292 492,297 493,297 494,297 495,297 529,289 540,298 541,298 542,298 543,299 586,299 586,298 587,298 627,284 660,299 661,299 686,300 687,300 736,300 736,300 737,300 764,285 785,285 813,300 814,300 815,301 831,301 831,300 832,300 833,300 850,286 888,285 888,276 887,245 799,248 798,248 773,257 738,250 738,250 737,250 711,260 688,251 687,251 686,251 685,251 684,251 673,259 647,253 646,253 585,259 489,259 461,242 460,242 460,242 459,242 458,242 435,249 425,242 424,242 423,242 405,242 404,242 404,242 403,242 390,250 357,250 357,250 356,250 355,250 346,256 318,247 317,247 317,247 316,247 300,253 280,240 279,240 278,240 253,240 229,240 228,240 227,240 203,249 176,239 175,266 174,279"/>
        <Baseline points="175,266 393,276 888,276"/>
        <TextEquiv index="0">
          <Unicode>auf ſie gefallen, in ihrem Herzen veſte</Unicode>
        </TextEquiv>
        <TextEquiv conf="0.9718" index="1">
          <Unicode>auf ſie gefallen, in ihrem Herzen veſte</Unicode>
        </TextEquiv>
      </TextLine>
      <TextLine custom="structure {type:default;}" id="eSc_line_548f800a">
        <Coords points="163,312 162,324 238,325 269,334 270,334 271,334 272,334 301,325 322,334 323,334 324,334 383,326 396,335 396,335 397,335 398,335 476,331 491,336 492,336 492,336 493,336 527,327 540,338 541,338 542,338 567,339 568,340 609,340 609,339 610,339 611,339 623,331 659,332 660,332 661,332 662,332 668,328 704,334 705,334 755,331 777,340 778,340 779,341 822,341 822,340 823,340 824,340 841,330 880,330 880,316 879,291 836,291 835,291 834,291 802,305 777,305 761,292 759,290 758,290 757,290 756,290 755,290 750,292 714,304 690,300 690,300 689,300 676,303 663,292 659,289 658,289 658,289 626,289 626,289 625,289 615,292 588,303 547,298 547,298 509,302 487,293 473,288 472,288 471,288 470,288 455,294 454,294 444,287 443,287 442,287 441,287 395,289 394,289 375,295 357,301 293,301 285,295 273,287 272,287 271,287 270,287 269,287 235,296 220,300 200,300 193,296 182,291 181,291 180,291 179,291 163,296 163,312"/>
        <Baseline points="163,312 563,322 880,316"/>
        <TextEquiv index="0">
          <Unicode>machen und darin̅e gewiß werden und</Unicode>
        </TextEquiv>
        <TextEquiv conf="0.9933" index="1">
          <Unicode>machen und darin̅e gewiß werden und</Unicode>
        </TextEquiv>
      </TextLine>
      <TextLine custom="structure {type:default;}" id="eSc_line_10cd8762">
        <Coords points="178,361 177,370 225,377 226,377 227,377 238,371 239,371 242,371 278,379 279,379 280,379 306,372 307,372 338,372 349,372 361,381 362,381 363,381 398,382 399,382 431,379 470,383 471,383 472,383 484,378 511,383 512,383 513,383 534,378 550,383 551,383 552,383 595,377 596,377 639,385 640,385 680,379 716,386 717,386 742,380 769,387 769,387 770,387 806,380 857,390 858,390 859,390 860,390 872,383 891,389 892,389 893,389 894,389 907,381 908,372 908,332 825,332 825,332 751,344 725,334 724,334 723,334 722,334 685,349 665,349 644,337 643,337 642,337 642,337 641,337 603,348 541,341 540,341 508,347 487,332 486,332 485,332 484,332 442,334 441,334 420,345 371,340 370,340 310,343 286,325 285,325 285,325 178,320 178,361"/>
        <Baseline points="178,361 598,371 908,372"/>
        <TextEquiv index="0">
          <Unicode>bleiben mögen. Den̅, wen̅ es dem Feinde</Unicode>
        </TextEquiv>
        <TextEquiv conf="0.992" index="1">
          <Unicode>bleiben mögen. Den̅, wen̅ es dem Feinde</Unicode>
        </TextEquiv>
      </TextLine>
      <TextLine custom="structure {type:default;}" id="eSc_line_f9c83a71">
        <Coords points="180,404 181,423 212,414 274,419 275,419 276,419 290,416 314,424 319,426 320,426 321,426 331,424 369,417 400,419 407,425 409,427 410,427 411,427 412,427 412,427 420,425 440,419 461,425 474,428 475,428 476,428 476,428 487,425 491,424 500,425 529,429 530,429 531,429 547,425 566,420 600,420 607,426 609,427 610,427 611,427 611,427 612,427 616,426 622,422 629,426 639,431 640,431 641,431 663,427 694,429 695,429 696,429 697,429 701,426 706,423 735,427 799,434 800,434 894,427 895,415 895,387 866,380 865,380 865,380 842,387 817,395 763,395 748,387 731,378 730,378 730,378 656,381 608,376 607,376 606,376 586,386 577,390 556,386 545,384 544,384 543,384 539,386 531,390 481,390 474,386 452,373 451,373 450,373 449,373 426,383 411,377 410,377 409,377 408,377 407,377 396,386 393,388 371,388 357,387 354,385 336,371 335,371 334,371 333,371 277,375 265,370 264,370 249,370 248,370 247,370 246,370 236,378 210,374 209,374 208,374 180,384 180,404"/>
        <Baseline points="180,404 623,414 895,415"/>
        <TextEquiv index="0">
          <Unicode>gelingt, daß er ſie darüber in Zweifel</Unicode>
        </TextEquiv>
        <TextEquiv conf="0.9767" index="1">
          <Unicode>gelingt, daß er ſie darüber in Zweifel</Unicode>
        </TextEquiv>
      </TextLine>
      <TextLine custom="structure {type:default;}" id="eSc_line_5a8bc8e6">
        <Coords points="180,443 179,451 239,452 240,453 261,466 262,466 263,466 264,466 265,466 285,459 311,464 312,464 313,464 314,464 325,455 341,455 355,462 356,462 357,463 411,463 411,462 412,462 422,457 531,461 564,472 565,472 566,472 616,467 623,473 624,473 625,473 626,474 661,474 661,473 662,473 696,461 722,474 722,474 771,474 772,474 773,474 774,474 793,463 807,473 808,473 809,473 809,473 810,473 833,464 879,464 880,452 879,434 848,427 847,427 846,427 827,433 817,436 810,433 805,429 804,429 803,429 802,429 784,432 778,433 777,432 763,425 762,425 669,423 668,423 622,430 614,431 604,430 539,421 539,421 538,421 537,421 524,429 516,434 497,428 461,419 460,419 460,419 459,419 441,428 436,431 431,427 430,427 429,427 428,427 428,427 420,427 401,431 251,430 235,426 198,416 198,416 197,416 196,416 180,424 180,443"/>
        <Baseline points="180,443 624,455 880,452"/>
        <TextEquiv index="0">
          <Unicode>bringen und ſie in Ungewißheit ſezen</Unicode>
        </TextEquiv>
        <TextEquiv conf="0.9886" index="1">
          <Unicode>bringen und ſie in Ungewißheit ſezen</Unicode>
        </TextEquiv>
      </TextLine>
      <TextLine custom="structure {type:default;}" id="eSc_line_da9e9907">
        <Coords points="174,490 173,498 205,503 206,503 206,503 221,499 224,498 229,499 250,506 251,506 252,506 253,506 265,499 268,498 317,498 319,500 329,506 330,506 331,506 332,507 358,507 358,506 359,506 360,506 367,501 398,506 399,506 400,506 420,501 423,500 427,501 447,506 448,506 449,506 450,506 451,506 458,501 460,499 467,501 485,507 486,507 487,507 518,502 528,500 534,502 552,507 553,507 554,507 555,507 572,502 575,502 578,502 600,507 601,507 602,507 603,507 610,503 613,500 625,503 650,508 651,508 907,505 908,494 908,470 846,465 845,465 844,465 830,469 805,476 775,470 774,470 773,470 755,476 636,476 619,467 609,463 608,463 607,463 606,463 605,463 599,467 587,474 535,474 527,466 524,465 523,465 523,465 522,465 521,465 516,466 500,475 469,475 435,470 429,466 424,462 423,462 422,462 323,462 322,462 321,462 312,466 291,474 247,474 236,465 235,464 234,464 233,464 232,464 222,465 212,466 209,465 203,461 202,461 201,461 174,464 174,490"/>
        <Baseline points="174,490 908,494"/>
        <TextEquiv index="0">
          <Unicode>kan; ſo hat er es nicht ſchwer, ſie auch in</Unicode>
        </TextEquiv>
        <TextEquiv conf="0.9986" index="1">
          <Unicode>kan; ſo hat er es nicht ſchwer, ſie auch in</Unicode>
        </TextEquiv>
      </TextLine>
      <TextLine custom="structure {type:default;}" id="eSc_line_0d12848d">
        <Coords points="178,534 179,553 216,543 233,553 236,556 237,556 238,556 238,556 239,556 240,556 244,553 261,543 276,543 292,553 298,559 299,559 300,559 325,560 325,560 326,560 347,553 370,547 383,552 384,552 385,552 386,552 405,545 430,553 432,554 433,554 434,554 435,554 436,554 436,553 453,544 473,549 474,549 475,549 547,545 562,553 572,561 573,561 574,561 672,561 673,561 674,561 674,561 687,553 698,547 721,547 733,553 747,561 748,561 749,561 750,561 777,553 802,547 833,551 834,551 876,546 891,553 894,555 895,555 896,555 907,553 921,549 907,515 857,510 856,510 855,510 847,514 845,515 793,515 791,514 762,503 761,503 761,503 760,503 739,514 738,514 738,514 706,503 706,503 705,503 629,513 618,514 615,513 591,499 590,499 589,499 550,504 519,499 518,499 517,499 516,499 500,511 498,513 460,513 458,511 438,498 437,498 436,498 412,498 412,498 411,498 410,498 398,506 378,498 377,498 376,498 375,498 374,498 356,510 352,512 349,510 325,498 324,498 261,498 261,498 260,498 239,509 237,511 233,509 213,498 212,498 195,498 194,498 193,498 192,498 178,506 178,534"/>
        <Baseline points="178,534 908,538"/>
        <TextEquiv index="0">
          <Unicode>Zaghaftigkeit und Muthloſigkeit zu bringen.</Unicode>
        </TextEquiv>
        <TextEquiv conf="0.9915" index="1">
          <Unicode>Zaghaftigkeit und Muthloſigkeit zu bringen.</Unicode>
        </TextEquiv>
      </TextLine>
      <TextLine custom="structure {type:default;}" id="eSc_line_aab89129">
        <Coords points="162,577 162,589 254,587 285,591 306,593 307,593 308,593 314,592 324,588 346,592 362,594 363,594 383,593 415,589 432,593 443,595 444,595 498,593 598,591 620,595 629,597 630,597 638,595 656,592 662,596 663,597 664,597 665,597 722,598 723,598 756,597 852,605 878,593 909,606 917,594 909,569 885,550 812,558 782,558 781,558 780,558 765,566 761,569 723,569 717,565 698,557 697,557 696,557 695,557 679,565 677,566 629,567 617,563 604,560 603,560 603,560 602,560 593,563 584,566 490,566 470,561 443,554 442,554 400,560 395,560 392,559 379,554 378,554 377,554 376,554 375,554 369,559 365,561 333,562 283,558 282,558 281,558 280,558 272,563 257,557 247,553 246,553 246,553 162,554 162,577"/>
        <Baseline points="162,577 910,585"/>
        <TextEquiv index="0">
          <Unicode>Was wird aber ein Bruder, oder Schwe⸗</Unicode>
        </TextEquiv>
        <TextEquiv conf="0.9811" index="1">
          <Unicode>as wird aber ein Brnder, oder Schwe⸗</Unicode>
        </TextEquiv>
      </TextLine>
      <TextLine custom="structure {type:default;}" id="eSc_line_365f7d8f">
        <Coords points="175,624 175,642 258,632 325,632 338,638 339,638 340,638 376,632 463,638 464,638 465,638 476,633 492,645 493,645 494,645 495,645 496,645 533,633 552,639 553,639 554,639 572,635 593,646 594,646 595,646 595,646 596,646 597,646 622,637 634,646 634,646 635,646 636,646 642,646 692,645 693,645 707,640 716,647 717,647 718,647 799,648 800,648 801,648 801,648 809,641 817,645 817,645 818,645 849,640 879,648 881,630 880,604 839,604 837,602 826,593 825,593 825,593 824,593 793,601 777,593 776,593 775,593 774,593 755,601 751,602 748,601 744,597 743,597 742,597 741,597 728,600 720,601 714,600 692,591 691,591 690,591 690,591 669,599 667,600 591,601 573,596 551,589 550,589 549,589 548,589 547,589 538,595 528,601 469,601 450,593 443,590 442,590 441,590 426,593 385,600 366,591 360,588 359,588 305,587 304,587 303,587 298,589 277,596 265,588 264,587 263,587 262,587 175,586 175,624"/>
        <Baseline points="175,624 416,622 668,629 881,630"/>
        <TextEquiv index="0">
          <Unicode>ſter unter den Heiden gutes ſchaffen,</Unicode>
        </TextEquiv>
        <TextEquiv conf="0.9849" index="1">
          <Unicode>ſter unter den Heiden gutes ſchaffen,</Unicode>
        </TextEquiv>
      </TextLine>
      <TextLine custom="structure {type:default;}" id="eSc_line_4a3e5519">
        <Coords points="182,667 181,677 229,681 230,681 253,678 282,672 357,678 399,680 400,680 453,678 513,675 529,678 570,687 571,687 571,687 586,682 609,693 610,693 684,694 685,695 761,695 761,694 762,694 763,694 778,683 864,685 865,685 865,685 884,679 885,673 885,643 859,637 858,637 857,637 857,637 842,643 841,644 841,643 832,637 831,637 830,637 829,637 828,637 827,637 819,643 810,649 764,649 752,643 743,639 742,639 741,639 740,639 727,643 722,644 719,643 702,636 701,636 700,636 699,636 698,636 690,642 682,648 658,648 647,642 632,635 631,635 630,635 594,639 579,634 578,634 577,634 576,634 549,641 538,645 532,641 526,637 525,637 524,637 523,637 523,637 511,641 507,643 503,641 484,633 484,633 428,633 428,633 427,633 426,633 414,641 405,646 286,646 271,640 246,632 246,632 196,632 195,632 194,632 182,638 182,667"/>
        <Baseline points="182,667 885,673"/>
        <TextEquiv index="0">
          <Unicode>wen̅ er muthlos und zaghaftig wird.</Unicode>
        </TextEquiv>
        <TextEquiv conf="0.9933" index="1">
          <Unicode>wen̅ er muthlos und zaghaftig wird.</Unicode>
        </TextEquiv>
      </TextLine>
      <TextLine custom="structure {type:default;}" id="eSc_line_b27c3452">
        <Coords points="208,711 208,730 258,723 295,730 303,732 304,733 358,733 358,732 359,732 362,730 379,722 410,730 412,731 413,731 414,731 415,731 417,730 437,721 469,730 472,731 473,731 474,731 475,731 476,730 481,727 485,730 489,734 490,734 491,734 492,734 525,730 526,730 527,730 539,722 579,727 579,727 645,723 666,730 674,733 674,733 675,733 686,730 714,724 744,730 755,733 756,733 779,730 801,728 804,730 809,734 809,734 810,734 811,734 832,733 833,733 833,733 836,730 843,726 862,730 874,734 875,734 876,734 877,734 887,730 894,728 912,730 913,718 913,692 893,684 892,684 831,682 830,682 829,682 828,682 816,690 811,693 805,690 785,681 784,681 783,681 782,681 762,688 748,695 732,688 729,687 728,687 727,687 726,687 723,688 709,694 613,689 612,689 611,689 599,693 587,687 587,687 586,687 585,687 561,693 494,682 472,679 471,679 470,679 466,681 447,692 407,692 388,680 386,677 385,677 384,677 307,677 306,677 305,677 304,677 284,687 261,676 261,676 260,676 208,675 208,711"/>
        <Baseline points="208,711 913,718"/>
        <TextEquiv index="0">
          <Unicode>Hiernächſt rathen wir ihnen aus treuem</Unicode>
        </TextEquiv>
        <TextEquiv conf="0.9716" index="1">
          <Unicode>Hiernächſt rathen wir ihnen aus treuem</Unicode>
        </TextEquiv>
      </TextLine>
      <TextLine custom="structure {type:default;}" id="eSc_line_2b15a3d7">
        <Coords points="175,758 175,781 205,781 205,780 206,780 230,769 250,780 251,780 252,780 253,780 274,769 293,769 309,780 310,780 311,780 312,780 313,780 333,769 348,769 365,780 365,780 366,780 367,781 387,781 387,780 388,780 388,780 404,769 427,769 449,780 450,780 451,780 452,781 480,781 480,780 481,780 482,780 488,775 497,779 498,780 499,780 500,781 531,781 531,780 532,780 535,779 568,769 613,769 629,779 630,779 631,779 632,779 633,779 634,779 665,769 679,774 680,774 681,774 748,769 760,776 761,776 761,776 762,776 798,771 809,778 810,780 811,780 812,780 813,780 823,778 856,773 865,778 867,780 868,780 869,780 870,781 889,781 889,780 890,780 891,780 893,778 904,772 917,778 919,758 919,726 891,726 890,726 889,726 888,726 866,735 846,727 843,726 842,726 841,726 808,727 738,731 729,728 716,726 715,726 714,726 714,726 713,726 708,729 704,732 687,729 659,726 658,726 658,726 657,726 650,730 639,739 613,739 603,731 596,727 595,727 595,727 575,727 574,727 573,727 572,727 564,732 557,736 548,732 540,728 539,728 539,728 520,733 508,735 504,733 495,728 494,728 493,728 492,728 481,734 470,739 420,739 409,735 382,726 381,726 380,726 380,726 362,735 357,739 273,739 266,737 198,726 198,726 197,726 175,737 175,758"/>
        <Baseline points="175,758 919,758"/>
        <TextEquiv index="0">
          <Unicode>Herzen, daß ſie ſich im Geiſte ihres Gemüths</Unicode>
        </TextEquiv>
        <TextEquiv conf="0.9876" index="1">
          <Unicode>Herzen, daß ſie ſich im Geiſte ihres Gemüths</Unicode>
        </TextEquiv>
      </TextLine>
      <TextLine custom="structure {type:default;}" id="eSc_line_5f0e1dd4">
        <Coords points="170,799 169,806 184,813 185,813 186,813 222,809 296,814 297,814 298,814 309,808 312,807 316,808 338,814 339,814 340,814 377,809 388,808 411,810 445,813 446,813 479,811 518,809 524,812 532,815 533,815 534,815 576,813 620,810 656,814 674,816 675,816 688,814 714,811 723,815 729,818 730,818 730,819 759,819 759,818 760,818 761,818 763,816 769,812 808,817 825,819 826,819 903,818 904,807 904,789 870,783 869,783 826,787 800,773 799,773 758,773 757,773 756,773 730,786 713,772 712,772 711,772 710,772 634,776 618,772 617,772 616,772 615,772 596,779 572,771 571,771 571,771 570,771 569,771 547,785 533,785 527,785 527,784 504,776 503,776 502,776 501,776 477,783 422,773 421,773 420,773 420,773 408,782 361,783 279,768 278,768 277,768 277,768 254,782 253,782 170,782 170,799"/>
        <Baseline points="170,799 690,802 904,807"/>
        <TextEquiv index="0">
          <Unicode>erneuern, und ſich dem lieben Herrn, der</Unicode>
        </TextEquiv>
        <TextEquiv conf="0.9741" index="1">
          <Unicode>erneuern, und ſich dem lieben Herrn, der</Unicode>
        </TextEquiv>
      </TextLine>
      <TextLine custom="structure {type:default;}" id="eSc_line_6a59f565">
        <Coords points="167,848 166,854 198,859 199,859 223,854 226,854 227,854 234,860 235,860 236,860 237,860 260,855 264,854 267,855 290,863 291,863 292,863 293,863 319,856 323,855 325,856 357,863 358,863 359,863 376,856 380,855 391,856 439,863 440,864 474,864 474,863 475,863 476,863 482,858 490,862 491,862 492,862 492,862 500,858 504,856 516,856 520,858 527,864 528,864 529,864 530,865 573,865 573,864 574,864 587,859 593,857 609,859 636,863 637,863 638,863 648,860 655,857 670,860 691,864 692,864 725,861 744,859 751,861 758,863 759,863 760,863 761,863 768,862 778,858 818,862 828,862 829,862 830,862 832,862 848,857 905,862 907,851 907,813 853,813 852,813 851,813 849,814 838,818 807,814 796,813 795,813 794,813 791,814 759,829 702,829 661,816 646,812 645,812 612,812 611,812 611,812 610,812 603,817 590,826 553,820 552,820 551,820 534,828 498,828 492,822 492,822 491,822 490,822 428,826 417,820 408,815 407,815 406,815 405,815 394,821 385,825 376,821 356,811 355,811 290,810 289,810 288,810 252,822 247,824 244,823 238,821 238,821 237,821 216,823 203,825 199,823 183,815 182,815 182,815 181,815 167,822 167,848"/>
        <Baseline points="167,848 504,846 907,851"/>
        <TextEquiv index="0">
          <Unicode>Sein Leben für ſie gegeben u. Sein Blut für</Unicode>
        </TextEquiv>
        <TextEquiv conf="0.9869" index="1">
          <Unicode>Sein Leben für ſie gegeben u. Sein Blut für</Unicode>
        </TextEquiv>
      </TextLine>
      <TextLine custom="structure {type:default;}" id="eSc_line_0e6ba598">
        <Coords points="178,887 178,905 222,896 293,904 307,906 308,906 327,904 366,901 375,904 383,907 384,907 385,907 386,907 391,904 404,897 426,897 433,901 434,901 435,901 436,901 461,900 469,903 479,908 480,908 481,908 511,903 542,898 611,898 625,902 628,903 629,903 630,903 647,902 673,900 676,901 690,909 690,909 691,909 692,909 717,901 728,899 738,901 769,909 769,909 770,910 858,910 858,909 900,900 901,892 900,868 868,862 867,862 866,862 856,867 845,873 828,873 817,866 808,862 807,862 753,861 753,861 752,861 751,861 745,865 737,870 714,864 705,862 704,862 703,862 702,862 698,864 682,872 619,872 599,863 592,860 591,860 569,860 568,860 567,860 566,860 563,862 553,870 545,866 544,866 543,866 542,866 541,866 533,871 474,871 455,861 451,859 450,859 449,859 438,861 396,869 380,860 379,859 378,859 358,859 357,859 357,859 356,859 341,870 323,870 269,861 268,861 233,868 219,859 218,859 217,859 178,857 178,887"/>
        <Baseline points="178,887 901,892"/>
        <TextEquiv index="0">
          <Unicode>ſie vergoßen hat, ohne einige Ausnahme</Unicode>
        </TextEquiv>
        <TextEquiv conf="0.9738" index="1">
          <Unicode>ſie vergoßen hat, ohne einige Ausnahme</Unicode>
        </TextEquiv>
      </TextLine>
      <TextLine custom="structure {type:default;}" id="eSc_line_8ad0c657">
        <Coords points="165,934 165,945 204,950 205,950 206,950 220,945 223,944 226,945 237,950 238,950 283,952 284,952 285,952 311,945 317,944 325,945 357,949 358,949 382,945 388,944 390,945 404,950 405,950 406,950 444,945 450,944 451,945 460,952 461,952 462,952 463,953 552,953 552,952 610,945 636,952 637,952 638,952 639,952 654,944 655,944 658,944 696,950 697,950 755,944 757,944 758,944 791,951 844,952 845,952 896,943 896,934 895,911 772,920 745,913 739,911 738,911 738,911 698,912 698,912 697,912 696,913 689,917 681,913 666,906 665,906 664,906 663,906 643,910 619,906 618,906 617,906 595,915 580,921 525,921 511,916 484,906 483,906 401,906 400,906 399,906 398,906 380,917 373,920 291,920 287,918 269,911 269,911 268,911 267,911 249,918 248,919 247,918 236,913 235,913 234,913 233,913 215,919 213,920 210,919 193,912 192,912 191,912 190,912 165,919 165,934"/>
        <Baseline points="165,934 896,934"/>
        <TextEquiv index="0">
          <Unicode>ergeben u. aufopfern. Den̅ wen̅ jemand</Unicode>
        </TextEquiv>
        <TextEquiv conf="0.9892" index="1">
          <Unicode>ergeben u. aufopfern. Den̅ wen̅ jemand</Unicode>
        </TextEquiv>
      </TextLine>
      <TextLine custom="structure {type:default;}" id="eSc_line_bc555a85">
        <Coords points="179,981 180,1003 220,990 273,990 290,996 291,996 292,996 293,996 315,990 325,997 325,997 326,997 327,997 418,990 428,997 429,997 430,997 431,997 432,997 447,992 479,1000 480,1000 481,1000 482,1000 505,994 522,1002 523,1003 523,1003 524,1003 567,1002 568,1002 579,996 587,1000 587,1000 588,1000 589,1000 590,1000 591,1000 599,994 624,1002 625,1002 626,1002 626,1002 627,1002 645,989 712,1000 713,1000 714,1000 742,993 751,997 752,997 753,997 830,996 841,1002 841,1002 842,1002 843,1002 907,1001 907,980 905,945 872,945 871,945 870,945 869,945 854,955 840,945 839,945 838,945 794,945 793,945 793,945 792,945 767,964 738,964 728,957 727,957 726,957 725,957 698,960 672,945 671,945 670,945 669,945 566,945 558,946 557,946 516,964 487,964 472,956 471,956 470,956 469,956 453,965 326,965 313,956 312,956 311,956 310,956 265,964 246,953 245,953 244,953 243,953 230,957 207,946 206,946 206,946 205,946 178,946 179,981"/>
        <Baseline points="179,981 907,980"/>
        <TextEquiv index="0">
          <Unicode>ſein eigen Leben ſchonen u. etwas in Schuz</Unicode>
        </TextEquiv>
        <TextEquiv conf="0.9841" index="1">
          <Unicode>ſein eigen Leben ſchonen u. etwas in Schuz</Unicode>
        </TextEquiv>
      </TextLine>
      <TextLine custom="structure {type:default;}" id="eSc_line_fe4192c7">
        <Coords points="167,1020 166,1031 249,1031 258,1032 296,1038 297,1038 298,1038 299,1038 308,1032 310,1031 332,1031 338,1033 360,1039 361,1039 362,1039 412,1033 415,1033 416,1033 428,1039 428,1039 429,1039 430,1039 431,1039 438,1033 441,1032 451,1033 491,1039 492,1039 892,1036 893,1023 891,1002 853,1002 853,1001 835,990 834,990 833,990 833,990 788,995 754,990 753,990 753,990 736,999 686,1001 682,1001 654,990 653,990 652,990 651,990 626,1001 626,1001 625,1001 601,996 600,996 541,1001 537,1001 536,1001 515,990 514,990 440,990 439,990 438,990 410,1001 397,992 396,992 396,992 372,990 371,990 370,990 341,1001 340,1001 312,1001 306,1001 293,994 292,994 291,994 290,994 275,999 249,989 248,989 222,989 222,989 221,989 220,989 204,1000 167,1000 167,1020"/>
        <Baseline points="167,1020 414,1025 893,1023"/>
        <TextEquiv index="0">
          <Unicode>nehmen und behalten wolte, das aus dem</Unicode>
        </TextEquiv>
        <TextEquiv conf="0.9858" index="1">
          <Unicode>nehmen und behalten wolte, das aus dem</Unicode>
        </TextEquiv>
      </TextLine>
      <TextLine custom="structure {type:default;}" id="eSc_line_87b93f4e">
        <Coords points="177,1067 177,1078 262,1075 302,1080 341,1083 341,1083 358,1080 378,1075 390,1080 399,1083 400,1083 401,1084 467,1084 467,1083 468,1083 468,1083 473,1081 477,1078 487,1081 497,1083 498,1083 499,1083 500,1083 507,1081 524,1075 534,1081 538,1083 539,1083 539,1083 540,1084 581,1084 581,1083 590,1082 616,1075 634,1082 639,1083 640,1083 641,1083 642,1083 646,1082 667,1075 764,1075 788,1083 790,1083 791,1083 792,1083 793,1083 794,1083 813,1078 832,1083 833,1083 833,1083 834,1083 849,1076 888,1083 889,1067 889,1044 868,1044 853,1031 852,1031 851,1031 850,1031 849,1031 826,1044 810,1044 790,1033 789,1033 788,1033 787,1033 757,1041 740,1032 739,1032 701,1031 700,1031 699,1031 698,1031 680,1043 654,1043 608,1034 607,1034 606,1034 591,1042 547,1034 547,1034 546,1034 524,1039 516,1033 515,1033 515,1033 514,1033 500,1036 489,1031 488,1031 433,1031 432,1031 431,1031 430,1031 418,1039 398,1031 397,1031 396,1031 396,1031 373,1042 349,1031 349,1031 322,1031 321,1031 320,1031 297,1043 265,1032 264,1032 263,1032 262,1032 261,1032 244,1044 200,1044 193,1038 192,1038 191,1038 190,1038 190,1038 177,1043 177,1067"/>
        <Baseline points="177,1067 889,1067"/>
        <TextEquiv index="0">
          <Unicode>Verderben herkom̅t u. zu dem Verderben</Unicode>
        </TextEquiv>
        <TextEquiv conf="0.999" index="1">
          <Unicode>Verderben herkom̅t u. zu dem Verderben</Unicode>
        </TextEquiv>
      </TextLine>
      <TextLine custom="structure {type:default;}" id="eSc_line_d7c657d2">
        <Coords points="174,1113 174,1136 222,1135 274,1123 298,1130 299,1130 300,1130 301,1130 315,1122 352,1122 524,1123 533,1130 538,1133 539,1133 539,1133 540,1134 611,1134 611,1133 612,1133 624,1128 628,1126 637,1128 668,1133 669,1133 670,1133 671,1133 682,1127 690,1122 753,1120 763,1125 765,1126 766,1126 767,1126 777,1125 809,1120 823,1124 835,1128 836,1128 837,1128 880,1123 881,1109 880,1089 832,1089 832,1088 813,1075 812,1075 811,1075 810,1075 761,1079 761,1079 760,1079 749,1087 732,1075 731,1075 730,1075 730,1075 686,1075 685,1075 657,1088 654,1090 538,1090 535,1088 526,1082 525,1082 524,1082 523,1082 507,1085 484,1076 483,1076 482,1076 481,1076 480,1076 463,1087 447,1079 446,1079 445,1079 444,1079 444,1079 436,1083 424,1080 423,1080 422,1080 421,1080 407,1087 402,1090 397,1087 373,1076 373,1076 351,1076 350,1076 349,1076 329,1085 317,1077 317,1077 316,1077 237,1077 236,1077 235,1077 234,1077 220,1087 218,1088 215,1087 197,1080 196,1080 195,1080 194,1080 174,1086 174,1113"/>
        <Baseline points="174,1113 881,1109"/>
        <TextEquiv index="0">
          <Unicode>gehört, der würde ſich ſelbst nicht nur</Unicode>
        </TextEquiv>
        <TextEquiv conf="0.9836" index="1">
          <Unicode>gehört, der würde ſich ſelbst nicht nur</Unicode>
        </TextEquiv>
      </TextLine>
      <TextLine custom="structure {type:default;}" id="eSc_line_0d6a8029">
        <Coords points="172,1153 171,1162 236,1163 236,1164 275,1177 276,1177 322,1178 323,1178 367,1173 393,1178 394,1178 395,1178 396,1178 410,1167 412,1165 417,1167 435,1173 436,1173 436,1173 462,1168 468,1167 468,1168 475,1172 476,1172 476,1172 477,1173 501,1173 501,1172 502,1172 503,1172 508,1169 514,1166 543,1166 551,1170 573,1179 574,1179 575,1179 576,1179 596,1170 603,1167 607,1170 619,1179 619,1179 620,1179 621,1179 642,1178 643,1178 644,1178 656,1171 658,1170 674,1171 698,1174 698,1174 711,1172 732,1168 752,1172 785,1181 786,1181 787,1181 820,1174 835,1170 859,1174 891,1179 892,1179 893,1179 902,1175 903,1159 901,1131 875,1133 869,1131 853,1125 852,1125 810,1125 809,1125 809,1125 795,1131 790,1134 784,1131 762,1124 761,1124 738,1124 738,1124 737,1124 736,1124 725,1132 723,1134 682,1140 611,1140 597,1133 589,1130 588,1130 587,1130 587,1130 579,1133 565,1139 468,1139 460,1134 440,1122 439,1122 438,1122 437,1122 389,1126 383,1122 382,1122 381,1122 335,1122 334,1122 333,1122 333,1122 314,1133 298,1133 258,1121 257,1121 256,1121 255,1121 254,1121 232,1136 230,1137 172,1137 172,1153"/>
        <Baseline points="172,1153 503,1159 903,1159"/>
        <TextEquiv index="0">
          <Unicode>einen sehr ſchweren Gang machen, ſondern</Unicode>
        </TextEquiv>
        <TextEquiv conf="0.9679" index="1">
          <Unicode>einen sehr schweren Gang machen, ſondern</Unicode>
        </TextEquiv>
      </TextLine>
      <TextLine custom="structure {type:default;}" id="eSc_line_87487135">
        <Coords points="174,1197 173,1206 225,1218 226,1218 227,1218 250,1208 278,1213 279,1213 320,1209 333,1218 334,1218 335,1218 336,1218 373,1214 380,1219 380,1219 381,1219 382,1219 383,1219 412,1210 412,1210 465,1210 467,1210 475,1215 476,1215 476,1215 477,1215 478,1215 490,1211 499,1216 500,1216 500,1216 535,1210 538,1210 540,1210 590,1221 591,1221 592,1221 620,1213 694,1222 695,1222 696,1222 722,1214 752,1222 753,1222 753,1223 777,1223 777,1222 777,1222 778,1222 790,1213 791,1213 873,1213 877,1214 888,1222 889,1222 890,1222 891,1222 892,1222 893,1222 906,1229 916,1219 903,1203 900,1171 891,1174 881,1170 874,1169 873,1169 873,1169 872,1169 867,1170 856,1177 848,1170 846,1169 845,1169 844,1169 816,1169 815,1169 814,1169 809,1170 780,1180 766,1170 765,1169 764,1169 763,1169 762,1169 761,1169 760,1170 750,1173 743,1169 741,1168 740,1168 739,1168 671,1167 670,1167 669,1167 668,1167 666,1168 649,1181 628,1177 627,1177 626,1177 617,1181 524,1181 500,1169 500,1169 499,1169 498,1169 476,1179 450,1165 449,1165 448,1165 447,1165 446,1165 445,1165 416,1180 387,1180 371,1167 370,1167 369,1167 368,1167 367,1167 341,1179 278,1179 248,1167 247,1167 174,1162 174,1197"/>
        <Baseline points="174,1197 903,1203"/>
        <TextEquiv index="0">
          <Unicode>auch in Gefahr kom̅en, ein Pfeil zu werden,</Unicode>
        </TextEquiv>
        <TextEquiv conf="0.9911" index="1">
          <Unicode>auch in Gefahr kom̅en, ein Pfeil zu werden,</Unicode>
        </TextEquiv>
      </TextLine>
      <TextLine custom="structure {type:default;}" id="eSc_line_a1552199">
        <Coords points="169,1239 169,1258 186,1256 192,1259 200,1263 201,1263 202,1263 203,1263 211,1259 225,1253 246,1253 254,1259 254,1260 255,1260 256,1260 257,1260 261,1260 282,1256 293,1260 305,1265 306,1265 307,1265 362,1261 373,1260 376,1261 389,1266 390,1266 391,1266 415,1262 448,1268 449,1268 525,1263 563,1260 574,1263 596,1270 597,1270 598,1271 636,1271 636,1270 637,1270 638,1270 648,1264 657,1259 706,1259 754,1262 759,1265 770,1273 771,1273 772,1273 773,1273 774,1273 793,1265 807,1261 901,1266 903,1251 902,1230 851,1225 831,1215 830,1215 829,1215 762,1220 737,1214 736,1214 735,1214 734,1214 712,1226 692,1226 671,1226 642,1212 642,1212 641,1212 603,1219 587,1214 586,1214 504,1210 503,1210 502,1210 475,1218 443,1214 442,1214 441,1214 440,1214 428,1222 412,1222 344,1222 343,1221 316,1212 315,1212 314,1212 313,1212 297,1218 272,1210 271,1210 270,1210 247,1210 246,1210 229,1219 229,1220 199,1220 198,1219 181,1211 180,1211 179,1211 178,1211 177,1211 169,1216 169,1239"/>
        <Baseline points="169,1239 400,1247 729,1247 903,1251"/>
        <TextEquiv index="0">
          <Unicode>welcher zu boden fällt, ehe er das Ziel er⸗</Unicode>
        </TextEquiv>
        <TextEquiv conf="0.9691" index="1">
          <Unicode>welcher zu boden fällt, ehe er das Ziel er⸗</Unicode>
        </TextEquiv>
      </TextLine>
      <TextLine custom="structure {type:default;}" id="eSc_line_16ecc63f">
        <Coords points="160,1289 159,1298 176,1305 177,1305 178,1305 179,1305 193,1299 223,1302 224,1302 225,1302 240,1297 245,1296 246,1297 252,1302 253,1302 253,1302 254,1302 272,1299 279,1306 279,1307 280,1307 281,1307 282,1308 315,1308 315,1307 316,1307 317,1307 328,1299 340,1303 341,1303 341,1303 387,1296 388,1290 387,1263 355,1255 354,1255 285,1261 272,1251 271,1251 270,1251 214,1251 214,1251 213,1251 212,1251 202,1258 177,1251 176,1251 175,1251 174,1251 160,1258 160,1289"/>
        <Baseline points="160,1289 388,1290"/>
        <TextEquiv index="0">
          <Unicode>reicht hat.</Unicode>
        </TextEquiv>
        <TextEquiv conf="0.9838" index="1">
          <Unicode>reicht hat.</Unicode>
        </TextEquiv>
      </TextLine>
      <TextLine custom="structure {type:default;}" id="eSc_line_19648b67">
        <Coords points="190,1344 289,1348 314,1365 315,1365 316,1365 317,1366 426,1366 426,1365 427,1365 443,1358 500,1365 500,1365 501,1365 547,1351 573,1366 574,1366 575,1366 576,1367 597,1367 597,1366 598,1366 624,1354 662,1366 663,1366 664,1367 700,1367 700,1366 701,1366 702,1366 726,1350 730,1347 746,1347 751,1350 763,1358 764,1358 765,1358 766,1358 767,1358 792,1350 802,1347 815,1351 836,1356 837,1356 838,1356 839,1356 840,1356 849,1351 854,1347 917,1351 947,1335 941,1309 917,1294 833,1298 819,1295 816,1294 815,1294 814,1294 813,1294 810,1295 781,1310 732,1310 713,1297 711,1295 710,1295 709,1295 708,1295 700,1297 668,1304 663,1300 662,1300 661,1300 660,1300 659,1300 658,1300 643,1309 547,1309 534,1298 533,1298 532,1298 507,1296 506,1296 486,1299 439,1308 409,1304 404,1300 394,1293 393,1293 392,1293 391,1293 328,1297 327,1297 319,1301 306,1309 293,1309 285,1302 274,1294 273,1294 272,1294 231,1293 230,1293 209,1296 208,1296 207,1296 198,1303 195,1305 192,1303 190,1332 190,1344"/>
        <Baseline points="190,1332 919,1334"/>
        <TextEquiv index="0">
          <Unicode>Ach möchte ſich doch ein jedes ſo an den Heiland</Unicode>
        </TextEquiv>
        <TextEquiv conf="0.9692" index="1">
          <Unicode>Ach möchte ſich doch ein jedes ſo an den Heiland</Unicode>
        </TextEquiv>
      </TextLine>
      <TextLine custom="structure {type:default;}" id="eSc_line_32f76fc0">
        <Coords points="785,1367 744,1398 785,1394 805,1393 808,1395 812,1399 812,1400 813,1400 814,1400 849,1400 849,1400 903,1395 915,1371 903,1347 888,1347 886,1346 876,1339 875,1339 874,1339 855,1339 854,1339 853,1339 852,1339 852,1340 846,1345 844,1346 837,1344 814,1340 813,1340 785,1343 785,1367"/>
        <Baseline points="785,1367 904,1370"/>
        <TextEquiv index="0">
          <Unicode>gewöhnen,</Unicode>
        </TextEquiv>
        <TextEquiv conf="0.9907" index="1">
          <Unicode>Gewühreen</Unicode>
        </TextEquiv>
      </TextLine>
      <TextEquiv>
        <Unicode/>
      </TextEquiv>
    </TextRegion>
  </Page>
</PcGts>
