1000 1599
96 140 654 194 Berlin 33. und in Rüxdorff 15.
146 182 800 242 Geschwiſter Johns und Br. Gottfried
88 226 815 281 Mann ſind nach Pottsdam und Branden⸗
97 270 802 329 burg gereißt, zum Beſuch der daſigen
95 318 800 374 Geſchwiſter. Übrigens ſind wir dem
93 361 812 419 him̅liſchen Vater von Herzen dankbar
94 403 843 460 für unſern Frieden und Bewahrung mitten
94 448 816 505 unter der Böſen Welt. Von Rüxdorff
93 494 810 548 melden ſie noch apart, daß br. Gras⸗
100 541 816 593 man̅ der Gemeine bey Gelegenheit des
94 582 830 652 Textes: "Siehe, hier bin ich und die Kinder,
88 629 809 680 die mir der Herr gegeben hat"! die
96 671 836 734 Kinder beſonders ans  Herz gelegt hat;
92 715 832 777 daß ſie ſich d. 12ten May auch ihrer Theil⸗
91 761 817 816 haftigkeit mit und an der Brüder⸗
87 803 805 857 Kirche danckbarlich erin̅ert, und ſich
89 845 826 899 die Memorabilia der Unitaets⸗Aelte⸗
93 892 802 948 ſten⸗Conferenz vom vorigen Jahr ge⸗
96 931 811 993 leſen haben, daß ihre Bibel⸗Lectio⸗
88 983 808 1034 nen geſegnet ſind und die Gnade des
96 1024 772 1081 Herrn mächtig unter ihnen waltet.
154 1099 829 1166 2.) Von Eberſdorff vom Mon. May 1770.
113 1161 813 1211 D. 1ten May gingen unſre Geſchwiſter
88 1204 842 1256 Dupps, auf einen Beſuch der Diaspora
91 1246 795 1300 in Franken. Am 2ten als am Lehr⸗
93 1288 778 1360 tage aller Chöre, wurde die Looſung
833 68 892 132 35.
