1000 1598
127 67 188 118 90.
193 139 876 195 wie werdet ihr Jhm für eure
190 183 874 238 Errettung und befreyung vom
186 226 921 282 Satan danken und Loben kön̅en!
183 272 912 340 Ach möchte es der Barmherzige Hei⸗
181 321 911 381 land bald in Erfüllung bringen,
188 360 907 420 daß ſie Jhn als ihr einziges Heil
188 409 904 458 kennen lernen, und Er für Sein
184 446 892 503 Leiden und Sterben ſich auch an
185 490 905 547 Calmucken erla〚u〛ben könne! Kön̅te
186 541 890 594 ich in meinem Theil dazu etwas
177 591 884 634 beytragen, wäre es mir die
188 625 902 682 gröſte Gnade. Mein Leib u. Leben
183 674 908 726 iſt ja Seine, und das will ich um
158 719 893 767 Seinet willen gerne dran ſezen.
184 753 916 830 Bis daher läßt ſich noch keine Spuhr ſehen,
167 800 885 865 daß ſich ein Calmuck bekehren will.
186 856 883 905 Jedoch haben wir bey einigen eine
162 893 897 953 Unruhe wahrgenom̅en, wen̅ wir ihnen
182 941 911 997 gelegentlich ihr ſchlechtes Leben zu Gemüthe
180 985 905 1036 geführt, da ſie dan̅ nicht mehr wie zu⸗
160 1025 892 1082 vor, mit Ruhe nach ihren gewohn⸗
178 1068 911 1128 heiten mit machen kon̅ten. Unſer alter
162 1114 879 1169 Tochmut hat uns und die Gemeine
181 1157 899 1216 in Sarepta noch im̅er von Herzen lieb, u.
179 1202 926 1265 hält uns für ein aufrichtiges, ehrliches Volck.
176 1249 886 1307 Den Br. Johan̅ Nitſchman̅ nen̅t er
181 1297 905 1369 ſeinen Vater, und bezeugt große Liebe
835 1337 893 1382 zu
