1000 1599
128 71 192 122 50.
172 137 892 199 Jch bin dem Heiland ſehr dankbar, daß liebe
163 188 897 246 und Einigkeit unter uns regirt, und Er Sein
171 238 892 291 Gnaden⸗Werck ſo kräftig in unſern Herzen
169 277 897 343 fortſezet, daß der Feind das Liebes⸗Band
170 325 894 386 unter uns nicht auflöſen kan. Auf die An⸗
172 366 891 435 kunft der verheuratheten Geſchwiſter, die
171 418 888 474 zu uns kom̅en ſolten, haben wir alles
169 458 895 516 præparirt und erwarten ſie mit ver⸗
175 509 295 564 langen
218 535 794 602 Bruder Bennet thut noch hinzu:
184 595 896 654 Jch habe zwar viel zu thun in meinen
173 636 888 698 Geſchäften und es will mir manchmal
173 681 893 738 zu ſchwer werden, aber mein Herz iſt
176 721 888 783 dabey vergnügt und ſelig in der Nähe
169 761 890 827 meines beſten Freundes. Alles was Er
172 810 896 871 an mir armen thut, ist mir groß und
174 858 881 918 wichtig. Das ſchwarze Volck habe ich
173 905 878 957 lieb, und wen̅ ich zu ihnen rede, ſo
172 946 897 1010 geſchiehet es in der Nähe meines lieben
173 994 881 1053 Heilandes mit weichem Herzen und
173 1051 477 1102 naßen Augen.
239 1066 901 1146 3.) Von Bruder Rebel in Sarepta
317 1125 754 1175 vom 7/18ten May. 1770.
216 1163 903 1228 Es hat dem lieben Heiland gefallen,
172 1206 875 1269 unſern lieben Bruder Joh. Jac. Brey,
173 1269 900 1320 auf eine geſchwinde Weiſe zu ſich heim⸗
174 1304 895 1365 zu nehmen, zu eeiner Zeit, da uns ſein
798 1338 920 1399 Dienſt
