1000 1598
129 61 186 118 82.
173 133 911 198 Gutes thut u. s. w. ſo wird er ein Gott
166 174 904 239 und in die Zahl der Götter verſezt.
178 219 906 277 Jhre Schriftten ehren ſie wie ihre Götzen,
168 261 885 316 und daher machen ſie ſichs zur Sünde,
173 301 882 344 wenn ſie dieſelben jemanden in die
174 336 904 391 Hände geben, der die Ceremonien nicht
166 379 904 437 damit macht, wie ſie. Auch com̅uniciren
169 431 876 487 ſie dieſelbe nicht gerne; wen̅ ſie
166 472 871 530 nicht wißen, ob es als Wahrheit
167 513 901 577 angenom̅en wird. Zu uns haben ſie
170 561 864 629 geſagt: Wen̅ wir ihre Schriftten
165 609 896 656 verſtehen würden, und was vor
165 646 879 702 Koſtbarkeiten darin̅en ſind, ſo
162 695 897 749 würden wir uns ſehr verwundern,
164 734 911 795 und wol gar die Calmuckiſche Reli⸗
169 782 879 836 gion annehmen. Wir haben ihnen
169 823 876 891 geantwortet, ſie wüſten freylich
147 864 900 933 viel, das vornehmſte aber, welches
158 913 873 974 das Wohl ſeyn der ſündigen Seele
166 959 891 1020 |: wie ſie ſich ausdrücken :| in Zeit
169 997 885 1067 und Ewigkeit beträfe, wüßten ſie
169 1053 886 1100 nicht, und wir wolten, wen̅ wir ihre
170 1086 907 1159 Sprache beßer kön̅ten, es ihnen ausführlich
168 1150 288 1194 ſagen.
215 1182 888 1229 Auf die Frage: Was es denen, die
169 1219 902 1288 keine Schrift verſtehen hülfe, daß die,
167 1277 914 1345 ſo dieſelbigen verſtünden, ſelig würden?
767 1317 904 1363 antwort-
