1000 1598
85 132 817 203 mit einem Apothecker der ein Baptiſt
81 180 808 253 iſt. Er gab ihm die Hand darauf
79 226 793 284 daß er nirgends als in Jeſu Blut
85 268 812 332 ſein Heil und Seeligkeit ſuchen
85 309 820 378 wolte, und beſucht ſeit dem fleißig
85 371 459 425 im Brüder Hauſe.
105 400 809 468 Eine fremde Perſon, die leztens
88 451 809 512 einmal in unſrer Predigt geweſen,
87 495 809 561 bezeugte nach her: Sie dancke Gott,
91 540 814 613 für das, was ſie gehört habe und
82 583 824 655 ſagte: Sie hätte nie vorher eine ſolche
92 639 810 695 wahre Weyde für ihr Herz gehabt
95 686 814 751 und ſie ſey verſichert, daß wenn
92 735 840 789 ſie auch der gleichen Worte nie wieder
92 784 821 845 hören ſolte, ſie dieſes doch bis an
97 838 763 904 ihr Ende nie vergeßen werde.
146 915 825 981 Das Feſt der Verwittweten Ge⸗
95 973 839 1036 ſchwiſter ſo wol, als der großen Mäd⸗
95 1034 825 1092 gen, wurde im Febr. und Merz mit
95 1081 804 1145 Gnade begangen. Die öffentliche
95 1140 821 1200 Bibel⸗Lection fingen wir im
103 1196 832 1249 Monat Merz an, und der Heiland
104 1248 824 1318 läßt ſo wol dabey, als in unſern
820 54 868 117 71.
