1000 1599
128 61 192 118 62.
189 134 899 206 ſein Haus und Hof um des Evangelii
179 182 912 246 willen und zog an einen andern Ort
184 224 902 286 woſelbst die Brüder hernach 7 Jahre
187 283 872 335 in ſeinem Hauſe geprediget haben.
184 318 913 383 Ao. 1750 wurden ſie beyde in die Ge⸗
182 361 918 430 meine Aufgenom̅en, und ao. 55. gelang⸗
184 405 916 470 ten ſie zum heiligen Abendmahl. Ao. 61.
182 453 915 512 zogen ſie nach Dukenfield und im Nov.
176 499 917 559 dieſes Jahres legten ſie ſich beyde am Fieber.
177 552 892 606 Sein Alter war 70 und ihres 68 Jahre.
204 588 879 648 Auch ging im Januar eine Schweſter in
177 632 912 691 Mobberly die die Geſchw. ſeit vielen Jahren
178 676 911 734 treulich bewirthet hatte, unvermuthet zum
175 723 919 776 Heiland. Sie war zu einem Doctor gegan⸗
177 763 916 818 gen, um ſich bey ihm in ihrer Krankheit
177 804 925 875 Raths zu erholen, und redte da mit ihrem Manne,
171 847 919 908 wie ſelig ſie durch die Erlößung des Blutes
178 895 907 951 Jeſu ſey, wünſchte ihm die Kraft des Blutes
180 940 906 1001 Jeſu an ſeinem Herzen auch zu erfahren, u.
179 991 902 1042 verſchied ſo über dem Bekäntniß der ihr
155 1030 576 1083 wiederfahrnen Gnade.
209 1066 862 1123 6.) Extract des Diarii der Gemeine
220 1116 888 1169 in Fullnek und daſigen Land⸗Gemeine
213 1152 776 1214 vom Dec. 1769 bis Merz 1770.
206 1190 893 1262 D. 28ten Dec. reiſten Geſchw. Nathanaels
178 1237 901 1297 u. d. 29ten Br. Latrobe von uns ab, nach dem
177 1280 908 1355 leztrer mit der hieſigen Aelteſten⸗Conferenz
799 1343 876 1392 einen
