1000 1599
147 56 213 111 60.
185 108 887 186 Parminter ihr Chorfeſt mit vieler Gnade.
183 166 904 228 Die ledigen Schweſtern die in den vorigen
182 205 882 278 Monaten viel gekränkelt, erholten ſich
181 256 881 317 im Nov. zu unſrer Freude wieder.
187 297 912 362 Dagegen aber mußten ſich im Dec. ver⸗
183 338 900 409 ſchiedene ledige Brüder im Chorhauſe
183 387 913 453 am Fieber legen. Ein krankes Mädgen
182 430 918 494 fragte einmal den Doctor: ob er dächte
177 472 894 535 daß ſie Heimgehen würde? und als
180 511 913 587 er es bejahete, erwiederte das Kind:
176 558 869 631 Sie müßen nicht dencken, daß ich
179 608 907 673 aus Furcht vor dem Sterben darnach
177 653 891 718 gefragt habe, nein, mich verlangt
174 698 874 763 gar ſehr zum Heiland zu gehen,
145 739 903 801 den̅ Er hat mich mit Seinem Blut
172 779 903 846 erlöſet. Und that hinzu: Er hat auch
174 826 912 901 ſie HE. Doctor, erlöſet, ſo gut wie mich,
161 879 875 941 und wünſchte ihm, daß er auch ein
164 914 907 984 Bruder werden möchte. Als er ein⸗
168 962 888 1025 wendete, daß er ſeinem Geschäfte
160 1005 862 1075 nach gehen müße, antwortete ſie:
151 1057 872 1105 Das meine ich nicht, ſondern mein
166 1093 873 1159 Sinn iſt, daß ſie ihr ganzes Herz
156 1138 897 1196 dem Hld. geben ſollen. Das Kind
167 1178 846 1251 ist nachher wieder geſund worden.
228 1238 678 1280 Heimgegangen ſind:
172 1272 874 1351 1.) Die led: Schweſter Mar. Andrews
791 1328 864 1388 aus
