<?xml version="1.0" encoding="UTF-8" standalone="no"?>
<PcGts xmlns="http://schema.primaresearch.org/PAGE/gts/pagecontent/2019-07-15" xmlns:xsi="http://www.w3.org/2001/XMLSchema-instance" pcGtsId="GT-OCR-GN_1770_2__GN.A.148__428_7d40c" xsi:schemaLocation="http://schema.primaresearch.org/PAGE/gts/pagecontent/2019-07-15 http://schema.primaresearch.org/PAGE/gts/pagecontent/2019-07-15/pagecontent.xsd">
  <Metadata externalRef="https://images.iiif.slub-dresden.de/iiif/2/data%2Fkitodo%2FNachaudeB_1766017886_1770_2%2FNachaudeB_1766017886_1770_2_tif%2Fjpegs%2F00000429.tif.medium.jpg/full/full/0/default.jpg">
    <Creator>escriptorium</Creator>
    <Created>2024-01-26T15:14:59</Created>
    <LastChange>2024-02-13T14:32:25</LastChange>
    <Comments/>
    <MetadataItem name="recognition/post-correction" type="processingStep" value="ocrd-cor-asv-ann-join">
      <Labels externalId="version" externalModel="ocrd-tool">
        <Label type="ocrd-cor-asv-ann-join" value="0.1.14"/>
        <Label type="ocrd/core" value="2.60.2.dev0+gac1f15b3.d20240125"/>
      </Labels>
    </MetadataItem>
  </Metadata>
  <Page imageFilename="428_7d40c_default.jpg" imageHeight="1600" imageWidth="1000">
    <TextRegion custom="structure {type:text;}" id="eSc_textblock_78ab26f1">
      <Coords points="751,128 847,174 857,482 836,544 840,624 818,753 822,976 843,1097 825,1325 811,1343 353,1357 163,1350 116,1360 78,1346 67,1161 74,796 64,718 78,653 88,177 106,131 154,124"/>
      <TextLine custom="structure {type:default;}" id="eSc_line_ff117fdc">
        <Coords points="776,140 704,140 704,139 684,128 676,128 667,128 658,128 649,128 640,128 632,128 623,127 614,127 605,127 596,127 587,127 578,127 569,127 560,127 559,127 530,137 485,137 476,137 475,137 456,126 454,126 445,126 436,126 427,126 418,126 409,126 400,126 392,125 383,125 374,125 365,125 360,125 344,132 304,129 303,129 260,135 246,124 240,124 233,124 208,136 208,136 188,136 188,136 165,124 160,124 152,124 136,133 107,135 107,162 106,183 120,184 120,184 121,184 122,184 122,183 131,176 144,180 144,180 145,180 146,180 162,173 204,173 219,183 220,184 221,184 222,184 241,184 242,185 263,185 263,184 264,184 270,182 288,175 296,179 296,179 297,179 298,179 299,179 300,179 306,174 328,182 336,184 337,184 338,184 339,184 340,184 344,182 354,175 401,181 428,184 429,184 430,184 440,181 453,176 457,181 462,184 463,184 464,184 464,184 465,184 466,184 472,181 474,179 486,181 520,185 520,185 521,185 540,180 557,176 564,180 573,186 574,186 575,186 576,186 671,179 714,176 720,179 736,187 737,187 738,187 739,187 740,187 751,179 753,177 777,178 779,167 778,141 776,140"/>
        <Baseline points="107,162 779,167"/>
        <TextEquiv index="0">
          <Unicode>zum Beſchluß ſang die Verſam̅lung:</Unicode>
        </TextEquiv>
        <TextEquiv conf="0.9695" index="1">
          <Unicode>zum Beschluß ſang die Verſam̅lung:</Unicode>
        </TextEquiv>
      </TextLine>
      <TextLine custom="structure {type:default;}" id="eSc_line_19877cc3">
        <Coords points="97,206 97,229 116,229 116,228 117,228 118,228 129,219 184,218 218,219 229,227 232,229 232,229 233,229 234,230 335,230 335,229 336,229 346,225 357,223 373,225 401,230 402,230 403,230 420,224 436,220 472,220 479,224 487,230 488,230 488,230 489,230 542,224 562,221 573,223 592,227 593,227 594,227 612,223 615,222 617,223 641,230 642,230 643,230 644,230 663,222 664,222 664,222 690,229 691,229 692,229 693,229 710,221 712,221 715,221 757,228 758,228 759,228 776,224 791,229 792,229 792,229 793,229 811,220 812,211 810,193 766,193 766,192 731,176 730,176 729,176 728,176 695,185 629,176 628,176 627,176 593,192 541,192 506,176 505,176 504,176 504,176 459,188 436,176 435,176 434,176 433,176 421,182 401,175 400,175 363,175 362,175 361,175 360,175 350,183 337,181 336,181 336,181 312,192 258,192 251,186 250,186 249,186 248,186 248,186 240,189 219,175 218,175 217,175 216,175 200,178 188,174 187,174 186,174 156,181 146,174 145,174 144,174 124,174 123,174 122,174 121,174 97,189 97,206"/>
        <Baseline points="97,206 384,214 812,211"/>
        <TextEquiv index="0">
          <Unicode>Hallelujah, Preiß, Ehr und Macht, ſey</Unicode>
        </TextEquiv>
        <TextEquiv conf="0.9706" index="1">
          <Unicode>Hallelujah, Preiß, Ehr und Macht, ſey</Unicode>
        </TextEquiv>
      </TextLine>
      <TextLine custom="structure {type:default;}" id="eSc_line_345c47a8">
        <Coords points="95,246 95,264 236,264 237,264 264,272 265,272 266,272 360,264 374,270 375,270 464,271 464,271 465,271 477,265 502,270 503,270 685,269 686,269 687,269 696,263 728,268 728,268 729,268 752,259 808,267 809,267 810,267 851,273 842,248 840,223 774,224 773,224 772,224 754,237 720,237 712,231 712,231 711,231 710,231 669,237 649,225 647,224 646,224 645,224 644,224 638,226 595,238 568,227 563,225 562,225 561,225 560,225 555,227 528,239 495,240 471,240 454,231 453,231 452,231 451,231 434,236 425,230 421,226 420,226 419,226 418,226 400,228 400,228 399,228 396,231 383,240 352,235 351,235 329,240 312,232 302,227 301,227 300,227 276,232 248,239 207,233 194,232 193,232 182,234 151,240 136,235 117,229 116,229 115,229 114,229 94,235 95,246"/>
        <Baseline points="95,246 215,254 437,258 842,248"/>
        <TextEquiv index="0">
          <Unicode>unſerm Gottes⸗Lam̅ gebracht p Eine Stun⸗</Unicode>
        </TextEquiv>
        <TextEquiv conf="0.9725" index="1">
          <Unicode>unſerm Gottes⸗Lam̅ gebracht p Eine Stun⸗</Unicode>
        </TextEquiv>
      </TextLine>
      <TextLine custom="structure {type:default;}" id="eSc_line_15a31ee8">
        <Coords points="809,272 792,277 786,272 779,266 778,266 777,266 744,266 743,266 742,266 741,266 734,272 725,279 692,279 678,272 666,267 665,267 664,267 664,267 652,272 640,278 607,278 597,272 591,268 590,268 589,268 588,268 587,268 578,272 571,275 567,272 558,265 557,265 556,265 555,265 520,271 504,264 504,264 503,264 432,270 423,264 422,264 421,264 420,264 419,264 402,269 367,264 366,264 365,264 364,264 354,272 348,276 328,276 309,272 284,266 283,266 282,266 275,270 262,263 261,263 260,263 199,272 180,274 144,274 139,271 128,264 127,264 126,264 125,264 124,264 107,271 103,273 100,271 98,293 98,304 166,304 167,304 206,318 207,318 208,318 285,316 286,316 287,316 304,304 306,304 397,319 398,319 429,313 469,316 470,316 471,316 490,309 518,320 519,320 520,320 520,320 552,310 569,317 570,317 571,317 572,317 592,308 609,308 619,316 620,316 621,316 622,316 683,308 729,316 730,317 746,317 746,316 747,316 748,316 759,308 811,307 812,298 809,272"/>
        <Baseline points="98,293 452,301 812,298"/>
        <TextEquiv index="0">
          <Unicode>de nachher hielt Br. Joſeph dem Chor</Unicode>
        </TextEquiv>
        <TextEquiv conf="0.9861" index="1">
          <Unicode>de nachher hielt Br. Joſeph dem Chor</Unicode>
        </TextEquiv>
      </TextLine>
      <TextLine custom="structure {type:default;}" id="eSc_line_cfe342eb">
        <Coords points="97,336 97,350 184,350 187,351 199,357 200,357 200,357 217,353 224,358 224,358 225,358 226,358 264,352 272,351 277,352 300,358 301,358 302,359 381,359 381,358 403,353 416,351 430,353 442,357 443,357 444,357 491,354 502,354 512,355 556,359 557,359 579,356 597,353 619,356 633,358 634,358 648,357 682,352 691,357 695,359 696,359 696,360 724,360 724,359 735,358 778,352 830,363 844,359 846,344 845,312 794,312 793,312 792,312 741,330 705,330 645,320 644,320 643,320 628,327 598,312 597,312 596,312 595,312 594,312 565,329 535,330 490,326 489,326 488,326 476,329 431,311 430,311 400,311 399,311 321,330 239,330 206,318 205,318 204,318 184,320 169,311 168,311 168,311 97,310 97,336"/>
        <Baseline points="97,336 296,345 846,344"/>
        <TextEquiv index="0">
          <Unicode>die erſte Homilie auf dem neuen Saale.</Unicode>
        </TextEquiv>
        <TextEquiv conf="0.9625" index="1">
          <Unicode>die erſte Homilie auf dem neuen Saale.</Unicode>
        </TextEquiv>
      </TextLine>
      <TextLine custom="structure {type:default;}" id="eSc_line_6fa42240">
        <Coords points="118,380 118,390 166,390 168,390 215,403 216,403 216,403 254,398 255,398 256,398 264,391 266,391 316,404 317,404 318,405 368,405 368,404 368,404 392,396 445,404 446,404 447,404 474,396 496,406 497,406 498,407 532,407 532,406 533,406 534,406 544,398 553,406 554,406 555,406 556,407 576,407 576,406 577,406 603,395 648,400 648,400 680,395 688,394 689,395 702,405 703,405 704,405 704,405 705,405 706,405 719,396 733,402 734,402 735,402 736,402 753,396 757,395 797,396 799,384 797,366 763,359 762,359 761,359 747,364 742,367 680,367 672,361 650,351 649,351 648,351 648,351 632,358 616,350 616,350 589,349 588,349 548,358 544,359 539,358 514,350 513,350 512,350 512,350 497,356 493,359 488,356 472,349 472,349 471,349 470,349 454,355 430,364 315,364 304,354 303,354 302,354 301,354 300,354 283,361 265,352 264,352 264,352 231,353 223,348 221,346 220,346 219,346 218,346 217,346 211,348 200,351 118,345 118,380"/>
        <Baseline points="118,380 501,388 799,384"/>
        <TextEquiv index="0">
          <Unicode>Abends verſammlete ſich die ganze</Unicode>
        </TextEquiv>
        <TextEquiv conf="0.9899" index="1">
          <Unicode>Abends verſammlete ſich die ganze</Unicode>
        </TextEquiv>
      </TextLine>
      <TextLine custom="structure {type:default;}" id="eSc_line_8d18dd11">
        <Coords points="93,428 94,449 120,440 184,442 198,448 199,448 200,449 227,449 227,448 228,448 229,448 249,440 266,448 270,449 271,449 272,449 272,449 278,448 294,442 320,448 336,450 336,451 375,451 375,450 376,450 384,447 392,444 400,447 408,448 408,448 409,448 410,448 416,447 431,441 447,446 448,446 448,446 450,446 469,441 480,446 483,447 484,447 485,447 504,445 542,442 546,445 549,448 550,448 551,448 552,448 552,448 560,445 566,442 571,445 584,451 585,451 586,452 637,452 637,451 638,451 656,444 658,443 762,443 763,433 763,416 744,416 743,415 720,402 720,402 695,399 584,399 584,399 583,399 582,399 559,413 555,415 521,412 513,412 497,400 496,400 496,400 495,400 456,407 444,398 443,398 442,398 441,398 440,398 424,405 377,400 376,400 376,400 356,410 350,414 339,410 325,406 324,406 323,406 322,406 309,410 298,414 208,414 201,408 200,408 200,408 199,408 198,408 186,408 145,413 137,408 121,397 120,397 120,397 119,397 118,397 93,407 93,428"/>
        <Baseline points="93,428 283,433 763,433"/>
        <TextEquiv index="0">
          <Unicode>Gemeine zur Zeit der Singſtunde.</Unicode>
        </TextEquiv>
        <TextEquiv conf="0.9891" index="1">
          <Unicode>Gemeine zur Zeit der Singſtunde.</Unicode>
        </TextEquiv>
      </TextLine>
      <TextLine custom="structure {type:default;}" id="eSc_line_26a69fff">
        <Coords points="93,472 93,486 157,486 158,486 191,498 192,498 192,499 249,499 249,498 250,498 296,487 300,486 320,486 323,487 344,495 344,495 345,495 376,488 393,496 394,496 395,496 396,496 397,496 411,487 413,486 418,487 443,493 444,493 475,488 483,486 486,488 496,493 497,493 498,493 528,488 550,495 551,495 552,495 552,495 563,491 576,498 577,498 578,499 641,499 641,498 642,498 663,488 664,488 666,488 684,493 685,493 686,493 725,488 747,486 754,488 778,498 779,498 780,499 797,499 797,498 798,498 816,488 823,486 842,488 843,473 841,441 795,441 794,441 793,441 792,441 759,452 742,448 741,448 740,448 739,448 725,457 668,457 648,447 648,447 647,447 646,447 645,447 632,457 545,457 531,448 530,448 529,448 528,448 528,448 514,451 497,444 490,441 489,441 418,441 417,441 416,441 407,445 378,457 335,457 318,446 311,441 310,441 309,441 308,441 277,446 257,441 256,441 256,441 255,441 233,447 218,450 202,447 185,444 184,444 145,448 134,448 132,448 120,441 119,441 118,441 117,441 92,448 93,472"/>
        <Baseline points="93,472 402,480 843,473"/>
        <TextEquiv index="0">
          <Unicode>Br. Joseph empfahl ihrem Herzen dieſe</Unicode>
        </TextEquiv>
        <TextEquiv conf="0.9713" index="1">
          <Unicode>Br. Joseph empfahl ihrem Herzen dieſe</Unicode>
        </TextEquiv>
      </TextLine>
      <TextLine custom="structure {type:default;}" id="eSc_line_bb455baf">
        <Coords points="93,512 92,528 151,524 161,529 172,535 173,535 264,536 264,536 292,530 319,536 320,536 320,536 333,528 342,525 368,525 374,528 378,532 379,532 380,532 422,536 423,536 424,536 450,528 460,526 475,528 524,537 525,537 526,537 527,537 536,532 585,535 586,535 615,528 621,527 629,528 675,536 676,536 710,528 712,528 747,528 761,534 762,534 763,534 826,527 827,517 825,490 800,490 799,490 798,490 779,498 768,490 767,490 766,490 714,490 713,490 712,490 692,497 667,489 666,489 665,489 664,489 632,506 560,506 550,501 549,501 548,501 522,505 400,505 365,488 364,488 363,488 362,488 361,488 337,504 296,504 264,489 264,489 263,489 262,489 224,504 206,494 205,494 204,494 176,497 151,487 150,487 93,487 93,512"/>
        <Baseline points="93,512 454,520 827,517"/>
        <TextEquiv index="0">
          <Unicode>Einweyhung zum Segnen, danckte mit</Unicode>
        </TextEquiv>
        <TextEquiv conf="0.9967" index="1">
          <Unicode>Einweyhung zum Segnen, danckte mit</Unicode>
        </TextEquiv>
      </TextLine>
      <TextLine custom="structure {type:default;}" id="eSc_line_e7c3f0d4">
        <Coords points="94,571 170,572 191,582 192,582 192,582 247,572 254,571 260,572 286,578 287,578 288,578 303,572 307,571 311,572 336,581 336,581 337,581 338,581 371,573 377,571 383,573 408,582 409,582 410,582 486,581 487,581 497,576 515,581 516,581 517,581 518,581 541,573 551,570 570,574 600,578 600,578 629,574 635,573 637,574 650,581 651,581 652,582 719,582 719,581 720,581 720,581 732,574 735,573 791,574 792,560 789,536 778,539 773,536 765,529 764,529 763,529 734,529 733,529 732,529 731,529 723,536 710,545 657,545 646,536 637,529 636,529 635,529 584,529 583,529 582,529 559,536 534,544 510,537 485,529 484,529 451,529 450,529 449,529 431,537 430,537 409,534 408,534 408,534 399,537 382,546 290,546 280,538 272,532 272,532 271,532 270,532 269,532 253,538 244,543 236,539 220,530 219,530 218,530 217,530 186,539 176,542 168,539 156,535 155,535 154,535 153,535 144,539 132,544 94,540 94,554 94,571"/>
        <Baseline points="94,554 179,561 375,565 792,560"/>
        <TextEquiv index="0">
          <Unicode>der Gemeine, auf den Knien für</Unicode>
        </TextEquiv>
        <TextEquiv conf="0.9984" index="1">
          <Unicode>der Gemeine, auf den Knien für</Unicode>
        </TextEquiv>
      </TextLine>
      <TextLine custom="structure {type:default;}" id="eSc_line_7e07e25a">
        <Coords points="96,605 95,616 175,616 194,632 195,632 196,632 197,632 221,632 221,632 222,632 240,622 269,626 270,626 271,626 287,620 299,629 300,629 301,629 302,629 303,629 318,624 330,630 331,630 332,630 384,617 402,627 403,627 404,627 458,619 512,632 513,632 514,632 515,632 534,620 572,618 605,624 606,624 607,624 618,620 641,632 642,632 643,633 717,633 717,632 718,632 719,632 736,620 779,624 780,624 819,618 820,610 819,586 786,576 785,576 733,576 732,576 731,576 730,576 720,583 691,580 690,580 672,584 664,585 660,584 648,576 648,576 647,576 603,576 602,576 601,576 600,576 592,583 587,586 546,586 537,582 527,576 526,576 501,576 500,576 499,576 486,581 473,586 454,586 427,585 420,579 415,575 414,575 413,575 387,575 386,575 385,575 384,575 379,579 371,584 281,579 280,579 280,579 259,585 179,585 152,576 150,575 149,575 96,575 96,605"/>
        <Baseline points="96,605 336,613 820,610"/>
        <TextEquiv index="0">
          <Unicode>die Gnade, die Er dem heiligen</Unicode>
        </TextEquiv>
        <TextEquiv conf="0.9935" index="1">
          <Unicode>die Gnade, die Er dem heiligen</Unicode>
        </TextEquiv>
      </TextLine>
      <TextLine custom="structure {type:default;}" id="eSc_line_22cbe848">
        <Coords points="88,650 88,665 125,663 131,666 135,669 136,669 136,669 137,669 138,669 148,666 162,663 168,666 174,670 175,670 176,670 208,672 209,672 233,667 257,663 274,668 281,670 282,670 283,670 296,668 325,663 337,668 346,672 347,672 348,672 388,669 416,666 427,669 440,672 441,672 442,672 443,672 452,669 467,664 496,670 511,672 512,673 558,673 558,672 559,672 564,671 578,664 636,671 637,671 761,664 817,672 819,650 818,624 754,624 753,624 752,624 752,624 725,640 712,632 712,632 711,632 710,632 709,632 688,641 659,635 658,635 657,635 637,642 430,642 405,628 404,628 403,628 402,628 391,634 372,632 371,632 370,632 369,632 355,641 332,634 331,634 330,634 302,640 270,626 260,623 259,623 226,623 225,623 224,623 224,623 217,627 204,634 191,627 183,623 182,623 181,623 88,627 88,650"/>
        <Baseline points="88,650 494,656 819,650"/>
        <TextEquiv index="0">
          <Unicode>Schweſtern Chor erwieſen und legte</Unicode>
        </TextEquiv>
        <TextEquiv conf="0.9689" index="1">
          <Unicode>Schweſtern Chor erwieſen und legte</Unicode>
        </TextEquiv>
      </TextLine>
      <TextLine custom="structure {type:default;}" id="eSc_line_d6ce19dd">
        <Coords points="88,692 87,712 120,712 121,712 122,712 125,712 146,704 195,709 196,709 197,709 205,704 216,712 217,712 218,712 219,712 258,713 259,713 260,713 266,711 279,705 295,711 303,713 304,713 304,713 385,711 386,711 387,711 387,710 392,706 407,710 420,713 421,713 422,713 443,710 455,708 466,710 480,712 481,712 482,712 491,710 504,706 520,709 550,715 551,715 576,709 581,708 584,709 598,715 599,715 600,715 662,708 668,708 672,708 707,716 708,716 709,716 731,708 732,708 795,708 796,699 795,680 623,680 612,674 591,665 590,665 560,665 559,665 558,665 557,665 547,672 536,680 504,680 495,672 494,672 493,672 492,672 491,672 476,680 435,680 419,670 412,665 411,665 410,665 409,665 408,665 401,669 384,679 361,679 346,668 340,664 339,664 338,664 224,663 223,663 222,663 221,663 218,664 207,672 180,664 179,664 178,664 177,664 176,664 176,664 163,672 148,663 147,663 146,663 88,662 88,692"/>
        <Baseline points="88,692 313,698 796,699"/>
        <TextEquiv index="0">
          <Unicode>Jhm dis Haus und Chor an Sein</Unicode>
        </TextEquiv>
        <TextEquiv conf="0.9834" index="1">
          <Unicode>Jhm dis Haus und Chor an Sein</Unicode>
        </TextEquiv>
      </TextLine>
      <TextLine custom="structure {type:default;}" id="eSc_line_e9090dbd">
        <Coords points="80,735 79,757 90,760 91,760 92,760 93,760 103,757 127,748 149,748 159,755 160,755 160,755 161,755 183,752 187,756 189,758 190,758 191,758 192,758 205,756 222,753 224,756 242,772 242,773 243,773 244,773 302,775 303,775 304,775 304,775 328,755 345,755 346,744 346,725 305,725 304,723 281,710 280,710 280,710 263,709 262,709 261,709 260,709 244,721 213,707 212,707 211,707 210,707 209,707 192,720 190,721 165,721 164,720 151,706 151,705 150,705 149,705 136,704 120,704 120,704 119,704 118,704 118,705 104,718 80,718 80,735"/>
        <Baseline points="80,735 205,743 346,744"/>
        <TextEquiv index="0">
          <Unicode>treues Herz.</Unicode>
        </TextEquiv>
        <TextEquiv conf="0.9873" index="1">
          <Unicode>treues Herz.</Unicode>
        </TextEquiv>
      </TextLine>
      <TextLine custom="structure {type:default;}" id="eSc_line_4abf8744">
        <Coords points="106,782 106,792 153,791 160,793 180,801 181,801 182,801 228,795 252,804 253,804 254,804 255,804 266,798 312,806 313,806 434,797 478,797 489,805 490,805 491,805 492,805 493,805 517,796 538,807 539,807 560,808 561,808 602,803 642,808 643,808 644,808 680,794 680,794 740,800 741,800 769,797 786,804 787,804 788,804 789,804 790,804 805,794 806,789 806,760 792,760 792,760 791,760 790,760 776,770 737,770 720,760 716,759 715,759 714,759 699,760 695,760 694,760 669,751 668,751 586,751 585,751 584,751 552,759 506,759 505,759 504,759 504,759 501,760 492,768 439,768 430,761 424,755 423,755 422,755 421,755 420,755 408,758 395,749 394,749 393,749 334,749 333,749 332,749 331,749 313,761 305,767 242,767 234,761 220,752 219,752 218,752 166,747 165,747 164,747 129,761 128,762 106,762 106,782"/>
        <Baseline points="106,782 369,789 806,789"/>
        <TextEquiv index="0">
          <Unicode>„Kom̅t, laßet und anbeten, und</Unicode>
        </TextEquiv>
        <TextEquiv conf="0.9939" index="1">
          <Unicode>„Kom̅t, laßet und anbeten, und</Unicode>
        </TextEquiv>
      </TextLine>
      <TextLine custom="structure {type:default;}" id="eSc_line_95dde9c3">
        <Coords points="86,820 86,839 137,834 161,840 166,840 167,840 168,840 168,840 169,840 180,833 217,839 218,839 241,836 255,840 262,843 263,843 264,843 264,843 265,843 268,840 274,836 310,834 338,837 344,841 351,846 352,846 352,846 353,847 453,847 453,846 454,846 455,846 459,842 467,837 533,841 534,841 559,836 616,844 633,846 634,846 644,844 679,836 707,844 708,844 709,844 744,836 768,845 770,846 771,846 772,846 801,845 802,826 801,807 793,802 792,802 792,802 791,802 782,807 776,809 752,809 748,806 737,799 736,799 736,799 735,799 734,799 720,806 707,812 661,812 640,804 635,803 634,803 633,803 632,803 629,804 606,812 535,812 520,802 516,800 515,800 514,800 460,798 459,798 458,798 457,798 452,801 440,809 431,805 430,805 429,805 428,805 427,805 421,809 407,801 402,798 401,798 400,798 370,798 369,798 368,798 360,800 331,811 304,811 283,800 280,798 280,798 231,798 230,798 229,798 225,799 184,809 133,798 86,797 86,820"/>
        <Baseline points="86,820 303,828 802,826"/>
        <TextEquiv index="0">
          <Unicode>Knien und niederfallen vor dem</Unicode>
        </TextEquiv>
        <TextEquiv conf="0.9894" index="1">
          <Unicode>Knien und niederhallen vor dem</Unicode>
        </TextEquiv>
      </TextLine>
      <TextLine custom="structure {type:default;}" id="eSc_line_192444a1">
        <Coords points="88,870 88,880 120,880 149,888 150,888 151,888 192,886 193,886 194,886 201,880 223,885 224,885 274,880 285,888 286,888 287,888 288,888 307,884 318,892 319,892 320,892 320,892 321,892 335,886 369,892 370,892 371,892 401,880 410,886 411,886 412,886 413,886 448,884 458,890 459,890 460,890 461,890 462,890 463,890 476,880 518,880 530,889 531,889 532,889 533,889 581,880 608,892 609,892 610,892 648,891 648,891 649,891 656,886 664,892 665,892 666,892 667,893 753,893 753,892 754,892 789,880 790,873 788,856 713,847 712,847 712,847 711,847 701,853 698,856 651,856 647,852 631,841 630,841 629,841 628,841 536,848 526,845 525,845 524,845 523,845 515,849 504,856 483,856 471,848 458,841 457,841 456,841 456,841 455,841 447,848 436,856 390,856 367,847 366,847 365,847 364,847 347,854 319,845 315,844 314,844 313,844 312,844 312,844 311,845 304,849 272,844 255,841 254,841 253,841 252,841 249,843 236,854 208,843 208,843 207,843 206,843 176,854 145,850 133,841 132,841 131,841 88,840 88,870"/>
        <Baseline points="88,870 338,876 790,873"/>
        <TextEquiv index="0">
          <Unicode>Herrn“ p War der heutige ſchöne</Unicode>
        </TextEquiv>
        <TextEquiv conf="0.9698" index="1">
          <Unicode>Herrn" p War der heutige ſchöne</Unicode>
        </TextEquiv>
      </TextLine>
      <TextLine custom="structure {type:default;}" id="eSc_line_8e8a6792">
        <Coords points="87,914 87,939 104,938 105,938 106,938 126,925 263,925 278,933 279,933 280,933 314,929 322,935 323,935 324,935 325,935 326,935 348,926 365,935 366,935 367,935 392,930 413,936 431,941 432,941 432,942 506,942 506,941 507,941 521,935 541,927 559,935 572,940 573,940 574,940 575,940 590,934 598,939 599,939 600,939 600,939 601,939 602,939 610,934 612,933 615,934 624,936 624,936 625,936 647,934 667,930 679,933 686,935 687,935 688,935 688,935 693,933 698,930 703,933 720,941 720,941 768,942 769,942 770,942 771,942 787,932 790,931 809,931 811,916 809,880 761,880 760,880 760,880 758,881 718,897 682,897 660,885 659,885 658,885 633,886 632,886 632,886 621,893 608,884 607,884 606,884 605,884 604,884 603,884 580,896 515,896 496,886 490,883 489,883 488,883 472,887 459,889 453,887 437,880 436,880 402,879 401,879 367,887 358,881 357,881 356,881 355,881 354,881 336,889 324,895 306,894 301,890 284,879 283,879 282,879 244,879 243,879 242,879 215,892 208,895 193,892 172,888 171,888 170,888 160,893 159,894 158,893 142,880 141,880 140,880 120,879 120,879 119,879 118,879 97,894 96,895 87,895 87,914"/>
        <Baseline points="87,914 499,920 811,916"/>
        <TextEquiv index="0">
          <Unicode>Gemein⸗Text. Nachher hatte das Chor</Unicode>
        </TextEquiv>
        <TextEquiv conf="0.9971" index="1">
          <Unicode>Gemein⸗Text. Nachher hatte das Chor</Unicode>
        </TextEquiv>
      </TextLine>
      <TextLine custom="structure {type:default;}" id="eSc_line_e4c4f071">
        <Coords points="87,954 87,965 124,965 127,966 136,972 137,972 138,972 139,972 198,966 205,966 210,967 252,974 253,974 322,968 331,967 333,968 348,974 349,974 425,976 426,976 477,971 510,976 511,976 512,976 512,976 520,970 568,976 568,976 600,970 631,976 632,976 632,976 633,976 640,972 693,976 694,976 776,970 776,961 774,936 752,942 736,936 735,936 622,935 621,935 620,935 619,935 617,936 605,944 570,944 557,936 552,935 552,935 551,935 541,936 512,944 441,941 435,937 424,932 423,932 422,932 421,932 407,937 395,943 379,943 373,938 368,935 368,935 367,935 323,935 322,935 321,935 312,938 306,941 303,938 296,933 295,933 294,933 293,933 292,933 277,938 269,941 200,941 196,939 175,930 174,930 146,929 145,929 144,929 144,929 131,938 125,935 124,935 123,935 87,939 87,954"/>
        <Baseline points="87,954 427,963 776,961"/>
        <TextEquiv index="0">
          <Unicode>nach einer herzlichen Anrede des</Unicode>
        </TextEquiv>
        <TextEquiv conf="0.9999" index="1">
          <Unicode>nach einer herzlichen Anrede des</Unicode>
        </TextEquiv>
      </TextLine>
      <TextLine custom="structure {type:default;}" id="eSc_line_01e83bb1">
        <Coords points="82,1000 82,1012 238,1012 240,1013 253,1023 254,1023 255,1023 256,1024 342,1024 342,1023 343,1023 362,1015 405,1017 406,1017 407,1017 408,1017 411,1015 416,1012 432,1015 473,1023 474,1023 534,1021 535,1021 548,1016 550,1016 560,1016 614,1021 615,1021 616,1021 627,1016 640,1012 648,1017 650,1019 651,1019 652,1019 653,1019 654,1019 660,1017 665,1016 699,1017 743,1020 744,1020 744,1020 745,1020 748,1018 753,1014 792,1014 817,1018 819,1005 818,979 800,970 799,970 689,970 688,970 688,970 687,970 676,977 667,984 654,984 640,976 626,970 625,970 582,970 581,970 580,970 569,976 551,986 509,986 489,976 488,976 488,976 487,976 486,976 469,986 416,986 400,974 395,970 394,970 393,970 365,970 364,970 363,970 354,973 320,986 284,986 264,973 263,973 262,973 261,973 260,973 228,985 211,980 210,980 209,980 208,980 198,985 179,978 178,978 177,978 176,978 158,985 142,981 141,981 140,981 139,981 126,985 105,970 104,970 104,970 82,970 82,1000"/>
        <Baseline points="82,1000 278,1007 819,1005"/>
        <TextEquiv index="0">
          <Unicode>Bruder Josephs den Lobe und Ver⸗</Unicode>
        </TextEquiv>
        <TextEquiv conf="0.9799" index="1">
          <Unicode>Bruder Josephs den Lobe und Ver⸗</Unicode>
        </TextEquiv>
      </TextLine>
      <TextLine custom="structure {type:default;}" id="eSc_line_43c6cb81">
        <Coords points="80,1045 79,1066 154,1056 174,1064 175,1064 176,1064 203,1059 218,1067 224,1070 225,1070 226,1070 264,1069 265,1069 272,1066 288,1060 296,1064 296,1064 297,1064 298,1064 299,1064 307,1059 355,1059 379,1066 395,1071 396,1071 397,1071 398,1071 415,1065 435,1060 465,1065 509,1073 576,1074 576,1074 577,1074 599,1067 616,1074 616,1074 660,1075 661,1075 662,1075 683,1064 685,1064 713,1064 735,1064 754,1076 755,1076 756,1076 757,1076 758,1076 784,1064 785,1051 784,1019 731,1016 730,1016 729,1016 724,1019 714,1024 702,1019 693,1016 692,1016 691,1016 690,1016 689,1016 685,1019 664,1032 656,1032 632,1019 627,1016 626,1016 625,1016 624,1016 616,1019 604,1022 590,1019 568,1015 568,1015 548,1019 545,1020 544,1020 544,1020 525,1033 445,1033 395,1019 365,1011 364,1011 363,1011 362,1011 347,1019 325,1031 291,1024 290,1024 289,1024 269,1030 196,1030 183,1019 170,1009 169,1009 168,1009 153,1008 121,1008 120,1008 120,1008 119,1008 102,1019 80,1019 80,1045"/>
        <Baseline points="80,1045 488,1057 785,1051"/>
        <TextEquiv index="0">
          <Unicode>bindungs⸗Kelch und zulezt bey</Unicode>
        </TextEquiv>
        <TextEquiv conf="0.984" index="1">
          <Unicode>bindunngs⸗Kelch und zulezt bey</Unicode>
        </TextEquiv>
      </TextLine>
      <TextLine custom="structure {type:default;}" id="eSc_line_e7fe2d74">
        <Coords points="82,1086 81,1111 134,1112 135,1112 136,1112 136,1112 151,1103 206,1103 218,1111 219,1111 220,1111 221,1111 222,1111 242,1104 277,1112 278,1112 279,1112 280,1112 319,1103 330,1111 331,1111 332,1111 333,1111 334,1111 344,1105 355,1112 356,1112 357,1112 358,1113 372,1113 372,1112 373,1112 374,1112 387,1104 408,1110 409,1110 410,1110 443,1104 455,1110 456,1110 456,1110 608,1106 629,1113 631,1113 632,1113 632,1113 633,1113 635,1113 655,1108 720,1113 724,1113 725,1113 726,1113 727,1113 741,1104 758,1104 827,1115 829,1096 829,1071 814,1060 813,1060 812,1060 772,1060 771,1060 770,1060 769,1060 753,1071 746,1076 731,1071 702,1060 701,1060 700,1060 673,1063 672,1063 672,1063 660,1070 648,1077 600,1077 579,1070 578,1070 577,1070 576,1070 565,1076 514,1076 496,1068 477,1060 476,1060 475,1060 474,1060 463,1064 448,1059 448,1059 447,1059 392,1064 348,1058 347,1058 346,1058 320,1066 315,1067 312,1066 296,1058 296,1058 274,1058 273,1058 272,1058 272,1058 263,1065 249,1075 168,1075 160,1069 160,1069 159,1069 158,1069 142,1070 132,1064 122,1057 121,1057 120,1057 120,1057 82,1063 82,1086"/>
        <Baseline points="82,1086 229,1096 829,1096"/>
        <TextEquiv index="0">
          <Unicode>ihren Schlaf⸗ſtätten eine ſelige Litur⸗</Unicode>
        </TextEquiv>
        <TextEquiv conf="0.976" index="1">
          <Unicode>ihren Schlaf⸗stätten eine ſelige Litur⸗</Unicode>
        </TextEquiv>
      </TextLine>
      <TextLine custom="structure {type:default;}" id="eSc_line_db022e68">
        <Coords points="820,1119 798,1105 797,1105 796,1105 728,1105 727,1105 726,1105 725,1105 704,1120 681,1105 680,1105 680,1105 679,1105 678,1105 641,1120 633,1123 524,1123 515,1120 480,1106 479,1106 478,1106 477,1106 445,1120 441,1120 435,1120 371,1106 370,1106 369,1106 368,1106 358,1114 348,1107 347,1107 346,1107 296,1107 296,1107 295,1107 271,1118 253,1112 252,1112 251,1112 250,1112 241,1116 226,1107 225,1107 224,1107 224,1107 223,1107 222,1107 202,1120 195,1123 86,1120 86,1139 87,1163 113,1148 142,1146 175,1146 228,1158 229,1158 230,1158 248,1148 294,1148 310,1157 311,1157 312,1157 312,1157 338,1155 343,1156 360,1162 360,1162 361,1162 438,1161 472,1153 475,1152 477,1153 500,1161 501,1161 502,1161 503,1161 525,1152 528,1150 573,1149 592,1149 594,1150 609,1158 610,1158 611,1158 612,1158 631,1150 682,1151 683,1151 684,1151 685,1151 689,1147 694,1144 720,1146 740,1148 769,1159 770,1159 771,1159 772,1159 773,1159 794,1144 795,1144 820,1144 821,1136 820,1119"/>
        <Baseline points="86,1139 464,1143 821,1136"/>
        <TextEquiv index="0">
          <Unicode>gie, da Br. Joseph zum Herrn betete,</Unicode>
        </TextEquiv>
        <TextEquiv conf="0.9905" index="1">
          <Unicode>gie, da Br. Joseph zum Herrn betete</Unicode>
        </TextEquiv>
      </TextLine>
      <TextLine custom="structure {type:default;}" id="eSc_line_760a1032">
        <Coords points="83,1201 114,1195 165,1200 166,1200 167,1200 193,1193 224,1200 226,1200 227,1200 228,1200 230,1200 252,1193 297,1200 302,1200 303,1200 336,1200 336,1200 336,1200 337,1200 338,1199 348,1192 371,1199 372,1199 373,1199 374,1199 380,1199 445,1192 461,1198 467,1200 468,1200 469,1200 572,1196 573,1196 574,1196 580,1192 608,1196 627,1199 628,1199 654,1195 672,1193 687,1195 704,1198 705,1198 706,1198 712,1195 722,1191 754,1194 769,1196 770,1196 771,1196 776,1194 788,1191 820,1193 822,1182 820,1165 736,1160 720,1150 719,1150 718,1150 570,1150 569,1150 568,1150 568,1150 554,1159 520,1155 519,1155 518,1155 490,1165 487,1166 483,1165 467,1158 466,1158 465,1158 464,1158 443,1165 435,1168 349,1168 344,1165 317,1152 316,1152 315,1152 314,1152 313,1152 296,1165 293,1168 267,1168 261,1165 248,1157 248,1157 247,1157 246,1157 221,1160 200,1152 200,1152 177,1152 176,1152 176,1152 150,1165 144,1168 133,1165 116,1160 115,1160 114,1160 113,1160 112,1160 105,1165 101,1168 83,1165 83,1184 83,1201"/>
        <Baseline points="83,1184 404,1188 822,1182"/>
        <TextEquiv index="0">
          <Unicode>daß Er auch an dieſer Stätte Sein</Unicode>
        </TextEquiv>
        <TextEquiv conf="0.984" index="1">
          <Unicode>daß Er auch an dieſer Stätte Sein</Unicode>
        </TextEquiv>
      </TextLine>
      <TextLine custom="structure {type:default;}" id="eSc_line_1275a9fa">
        <Coords points="86,1250 179,1250 179,1249 180,1249 183,1248 194,1243 200,1248 201,1248 202,1248 203,1248 204,1248 205,1248 220,1239 233,1246 234,1246 264,1247 271,1247 272,1248 298,1248 298,1247 299,1247 300,1247 317,1238 340,1238 350,1245 351,1245 352,1245 352,1245 353,1245 371,1240 400,1244 400,1244 401,1244 424,1237 456,1244 463,1245 464,1245 464,1245 470,1244 487,1239 500,1243 515,1248 516,1248 517,1248 555,1242 578,1239 584,1242 595,1248 596,1248 597,1248 629,1241 645,1238 656,1240 662,1242 663,1242 664,1242 664,1242 669,1240 680,1236 701,1240 715,1242 716,1242 717,1242 722,1240 730,1236 768,1236 776,1239 788,1244 789,1244 790,1244 815,1238 815,1224 812,1194 648,1195 648,1195 647,1195 645,1197 625,1210 603,1208 602,1208 601,1208 572,1216 416,1216 381,1202 380,1202 379,1202 320,1215 298,1202 287,1196 286,1196 285,1196 284,1196 266,1202 248,1209 224,1206 224,1206 223,1206 222,1206 207,1217 179,1217 167,1210 166,1210 165,1210 119,1216 87,1206 86,1229 86,1250"/>
        <Baseline points="86,1229 528,1233 815,1224"/>
        <TextEquiv index="0">
          <Unicode>Herz und den Segen Seiner Ruhe</Unicode>
        </TextEquiv>
        <TextEquiv conf="0.9861" index="1">
          <Unicode>Herz uund den Segen Seiner Ruhe</Unicode>
        </TextEquiv>
      </TextLine>
      <TextLine custom="structure {type:default;}" id="eSc_line_13fb5e8b">
        <Coords points="85,1265 84,1281 178,1281 182,1282 193,1292 194,1292 196,1292 197,1293 288,1293 288,1292 340,1282 342,1282 360,1293 361,1293 362,1293 364,1294 481,1294 481,1293 482,1293 484,1293 494,1285 504,1293 505,1293 506,1293 508,1293 509,1293 510,1293 525,1284 581,1282 590,1282 593,1282 662,1293 664,1293 665,1293 708,1282 792,1282 793,1272 790,1242 689,1236 688,1236 686,1236 685,1236 676,1242 662,1252 632,1244 617,1240 616,1240 614,1240 613,1240 612,1240 608,1244 597,1253 524,1253 513,1245 502,1236 501,1236 500,1236 473,1236 472,1236 470,1236 469,1236 457,1245 450,1240 450,1238 449,1238 448,1238 401,1236 400,1236 398,1236 397,1236 385,1246 376,1253 338,1253 330,1246 318,1236 317,1236 316,1236 314,1236 313,1236 312,1236 296,1246 289,1252 252,1248 210,1242 209,1242 142,1248 130,1249 128,1249 112,1237 110,1237 109,1237 108,1237 106,1237 85,1248 85,1265"/>
        <Baseline points="86,1266 329,1276 794,1272"/>
        <TextEquiv index="0">
          <Unicode>im Grabe kräftig wolle fühlen</Unicode>
        </TextEquiv>
        <TextEquiv conf="0.9776" index="1">
          <Unicode>im grabe kräftig wolle fühlen</Unicode>
        </TextEquiv>
      </TextLine>
      <TextLine custom="structure {type:default;}" id="eSc_line_55ef75d7">
        <Coords points="81,1320 80,1337 101,1338 125,1351 126,1351 127,1351 128,1351 155,1343 183,1349 184,1349 222,1343 246,1351 247,1351 248,1351 271,1346 287,1353 288,1353 288,1354 354,1354 354,1353 355,1353 385,1340 410,1346 411,1346 412,1346 413,1346 424,1341 429,1345 430,1345 431,1345 432,1345 464,1341 521,1345 522,1345 523,1345 541,1339 598,1341 616,1353 616,1353 617,1353 618,1353 660,1345 676,1353 677,1353 678,1354 736,1354 736,1353 737,1353 738,1353 761,1339 783,1344 784,1344 784,1344 804,1338 805,1325 803,1300 776,1303 772,1299 759,1290 758,1290 757,1290 736,1290 736,1290 735,1290 734,1290 720,1299 717,1302 668,1312 628,1312 606,1299 599,1296 598,1296 597,1296 596,1296 595,1296 590,1299 572,1312 553,1312 536,1300 535,1300 534,1300 533,1300 532,1300 531,1300 517,1311 455,1306 454,1306 387,1311 376,1304 375,1304 374,1304 344,1311 316,1298 296,1290 296,1290 241,1290 240,1290 240,1290 239,1290 226,1298 221,1303 214,1298 202,1290 201,1290 200,1290 100,1290 99,1290 98,1290 81,1297 81,1320"/>
        <Baseline points="81,1320 318,1328 805,1325"/>
        <TextEquiv index="0">
          <Unicode>laßen. Und ſo wurde dieſes Haus</Unicode>
        </TextEquiv>
        <TextEquiv conf="0.999" index="1">
          <Unicode>laßen. Und ſo wurde dieſes Haus</Unicode>
        </TextEquiv>
      </TextLine>
      <TextEquiv>
        <Unicode/>
      </TextEquiv>
    </TextRegion>
    <TextRegion custom="structure {type:text;}" id="eSc_textblock_c7e276a6">
      <Coords points="893,60 886,95 808,91 819,53 872,49"/>
      <TextLine custom="structure {type:default;}" id="eSc_line_b03a1743">
        <Coords points="886,56 879,52 817,61 815,65 815,82 814,102 885,107 887,85 886,66 886,56"/>
        <Baseline points="815,82 887,85"/>
        <TextEquiv index="0">
          <Unicode>423.</Unicode>
        </TextEquiv>
        <TextEquiv conf="0.8914" index="1">
          <Unicode>423.</Unicode>
        </TextEquiv>
      </TextLine>
      <TextEquiv>
        <Unicode/>
      </TextEquiv>
    </TextRegion>
    <TextRegion custom="structure {type:text;}" id="eSc_textblock_da280356">
      <Coords points="41,1574 39,1574 39,1560 40,1560"/>
      <TextEquiv>
        <Unicode/>
      </TextEquiv>
    </TextRegion>
  </Page>
</PcGts>
