1000 1598
113 78 162 125 10.
182 138 884 198 4.) Gute Ordnung mit allen Sachen, die
166 185 906 240 man um und bey ſich hat, iſt darum mit
170 230 894 284 zu rathen, weil man ſonſt Schaden leiden
172 271 896 328 kan. Die Kleinigkeiten ſezt man veſte,
168 315 886 375 daß ſie nicht hin und her fahren, ſonſt
172 363 898 420 zerſchlagen ſie ſich, die Küſten u. Kaſten
160 404 871 464 macht man veſte mit Nägeln; ſonſt
169 447 896 508 können ſie einem auf den Leib fallen.
171 492 874 548 Es iſt gut wen̅ man zu dem Ende
168 535 896 589 mit eiſernen Nägeln und Hacken, auch
168 578 887 641 Stricken und Bindfaden ſich verſiehet
172 631 911 688 ehe man aufs Schiff gehet. Wen̅ man
172 671 852 725 das alles thut, ehe das Schiff in
170 715 875 774 ſtarcke bewegung kom̅t, ſo iſts am
172 753 347 806 ſicherſten.
182 797 884 856 5.) Mit dem Feuer und Licht muß
169 845 871 907 man ſehr behutſam umgehen; den̅ es
174 891 888 954 iſt nirgend ſo gefährlich, als auf der
170 937 886 994 See. Daher wird es nöthig ſeyn, eine
165 977 793 1034 Blecherne Laterne mit zu nehmen.
190 1021 886 1080 6.) Das ſüße waßer braucht man
177 1072 902 1125 nicht zu allen Dingen, wie mans auf dem
174 1115 896 1170 Lande zu thun pflegt. Wen̅ man darin̅e
172 1155 912 1218 nicht ſparſam iſt, kan man leicht Verdruß
174 1199 634 1259 haben vom Schifs⸗Volck.
195 1243 905 1303 7.) Man kan nirgend ſo bald, als auf der
171 1292 904 1355 See hartleibig werden. Wer darum nicht
785 1332 904 1381 trinket
