1000 1600
108 126 828 189 gen ein Bruder und eine Schweſter
102 176 830 232 aus dem Ehechor, 1. lediger Bruder
107 221 811 277 und 1 Knäbgen. 3 Knäbgen und
106 264 831 322 4 Mädgen ſind in dem Jahr gebo⸗
108 306 746 361 ren und getauft worden.
138 349 809 406 Zu uns ſind gekom̅en aus andern
101 399 803 459 Gemeinen 6 Geſchwiſter und dagegen
107 442 824 493 9 von uns. Ein lediger Bruder und
101 485 811 539 ein groß Mädgen ſind in die Ge⸗
102 535 823 581 meine aufgenom̅en worden, u. eine
103 572 824 624 ledige Schweſter und ein groß Mäd⸗
101 616 824 679 gen zum heiligen Abendmahl gelangt.
96 663 806 718 Getraut ſind worden 2 Paare.
102 704 819 758 Unſre liebe Diaspora in den bey⸗
95 754 800 802 den Lauſizen iſt im Friede Jeſu
94 793 824 849 ihren ſtillen und auch geſegneten
96 837 836 895 Gang fortgegangen. In der Nieder⸗
96 883 826 932 Lauſiz haben ſich die Motus gegen
94 930 803 980 ſie ſeit einem halben Jahr ſehr
95 968 801 1024 gelegt. Die in der Ober⸗Lauſiz
88 1011 812 1064 beläuft ſich auf 240 Seelen, ohne
99 1057 819 1115 die vielen Fremden und Zuhörer,
96 1104 812 1152 die Sonntäglich kom̅en, und die
96 1147 748 1200 in der Niederlauſiz auf 900.
113 1186 788 1239 Die Orts⸗Gemeine beſteht
89 1232 795 1288 aus 38 Ehepaaren, 4 Wittwern,
94 1272 808 1325 2 Wittwen, die alle Com̅unicanten
112 1318 813 1371 ſind; aus 41 Led. Brüdern und
828 56 890 112 427.
