1000 1598
126 75 180 122 12.
179 143 896 213 beſcheiden umgehen, ihm auch nach Gelegen⸗
173 194 854 248 heit Liebes und Gutes erweißen, iſt
170 237 886 287 Kindern Gottes gemäß. Wen̅ ſie aber
179 276 896 348 in ihre Leichtſinnige Spiele kom̅en, ſo thut
176 330 881 393 man allemal am beſten, wen̅ man auf
174 369 498 422 die Seite gehet.
193 411 896 468 13.) Wen̅ Sturm, oder doch ſtarker
158 456 924 514 Wind iſt, thut man wol am Beſten, nicht
177 502 878 560 auf die Decke zu gehen, ſondern unten
176 552 877 604 zu bleiben; man kan aus Curioſitaet,
172 595 898 656 zu ſehen, wie es ausſieht, in Gefahr kom̅en.
192 641 887 702 14.) Auch haben die Geschwiſter ſich unten
174 693 883 741 zu halten, wen̅ die Segel aufgezogen und
174 733 890 787 geändert werden; ſie können ſonſt zu Schaden
167 773 896 825 kom̅en. Beſonders haben ſie das zu observiren
179 817 881 871 wen̅ das Schiffs⸗Volck ſie daran erin̅ert,
174 859 925 912 und nicht wieder ihren Willen oben zu bleiben.
193 901 891 954 15.) Die Geschwiſter haben nicht zu probiren,
170 943 888 994 wies die Matroſen thun, an dem Maſt in
171 981 883 1037 die Höhe zu ſteigen; es wäre ein unnöthig
175 1025 883 1082 in die Gefahr begeben und ſie müßen auch
181 1065 871 1121 gewärtig ſeyn, daß ſie von den Matroſen
168 1108 879 1166 veſt gebunden werden, ſich löſen müßen
173 1150 564 1199 und ausgelacht werden.
197 1170 888 1233 16.) Wen̅ ſie Seekranck werden, müßen ſie
176 1215 896 1277 ſichs nicht zu gefährlich vorſtellen; ſo übel
174 1269 869 1334 es einem wird, ſo iſt es doch nicht von
173 1314 353 1398 Conſequenz.
793 1333 888 1399 17.) Jn
