1000 1599
99 148 820 203 Heimgang mit vielem Vergnügen. Seine
90 193 819 249 lezte Worte waren: Jn meines Herzens⸗
92 237 854 289 Grunde, dein Nam und Creuz allein, funckelt
91 277 819 327 all’zeit und Stunden p Den durch Br. Buttler ihm
90 314 791 366 ehemals ans Herz gelegten Spruch aus Röm. 4, 5.
89 350 805 409 hatte er zu ſeinem Leichentext verordnet, wobey
85 391 779 447 der HE. Consiſtorial⸗Rath bezeugte, daß nur
90 429 823 481 Chriſti Blut, nur Jeſu Wunden, nur ſeines Heilands
89 472 819 521 Todt, das Element des ſeligen geweſen ſey.
91 508 830 562 Bey Verleſung der Perſonalien, weinte der Red⸗
87 551 832 605 ner und die Zuhörer u. man hörte das Beken̅t⸗
88 595 813 645 niß: Das ſey ein wahrer evangeliſcher Glaube!
197 635 764 689 3.) Von Zeyst, vom Monat May 1770.
95 686 821 730 Den größten Theil dieſes Monats, waren die
92 723 799 779 ſeligen Beſuche Jeſu unter Seinen Jüngern in
90 767 821 825 den 40 Tagen nach Oſtern, die favorite Materie
94 814 814 872 fürs Herz; ſonderlich reſsentirten ſich davon
90 858 833 912 einige Singſtunden, auf eine beſondre Weiſe.
89 898 823 960 Ueberhaupt hat unſer lieber Heiland Sein Wort:
84 939 820 1003 ˮWo zwey oder drey in meinem Namen ver⸗
90 990 809 1050 ſam̅let ſind, da will ich mitten unter ihnen
87 1037 821 1095 ſeyn“, in dieſen Tagen auch an Seiner hieſi⸗
86 1081 736 1136 gen Gemeine, gar ſelig wahr gemacht.
116 1122 820 1180 Am Him̅elfahrts⸗Tage tröſteten wir einander
91 1163 823 1228 bey der Wehmuth über Seine leibliche Abweſen⸗
88 1209 794 1268 heit, mit den Worten: Der Herr iſt nahe,
93 1256 772 1312 Er iſt bey uns bis ans Ende der Tage.
98 1295 823 1377 An eben dieſem Tag erin̄erten ſich 128 Geſchw.
836 80 894 126 39.
