1000 1599
134 62 191 115 44.
216 128 897 190 Uebrigens ſind in dem Monat, ſo wol die
191 175 915 238 Allgemeine, als der Abendmahls⸗Geſchwiſter ihre
191 220 912 281 Verſam̅lungen, im Segen fort gegangen, mit
189 266 910 326 herzlichem Wunſch, daß die Friedens⸗Gedancken
187 311 896 370 unſres Herrn über Norden im̅ermehr in Er⸗
193 357 592 405 füllung kom̅en mögen.
233 395 911 449 5.) Von St. Thomas meldet Br. Math.
255 444 852 492 Kremser, unterm 20ten  Mart. 1770,
190 485 896 538 daß an dem ſelben Tage, der Bruder Joh. Boehlo
186 524 885 589 mit der Wittwe Hantschin, daſelbſt zur
186 575 730 634 heiligen Ehe verſprochen worden.
203 615 910 684 Jn Nieſky ſey vergangenes Jahr ein Wohnhaus
184 663 898 720 erbaut worden und zur Kirche daſelbſt wurden
181 707 899 766 die Bau⸗Materialien angeſchaft, und ſolle mit
186 748 880 808 Gottes Hülfe dis Jahr daran gebauet werden.
203 795 884 851 Auf ſolle dies Jahr, an dem Weſt Ende in
183 835 900 897 S. Crux, für ein Paar Geſchwiſter, ein Wohn⸗
183 883 890 938 haus, und dan̅ eine Kirche gebauet werden.
188 925 895 984 Der liebe Heiland habe ihn |: Br. Kremser :|
179 966 902 1025 mit Seiner lieben Nähe begleitet u. getröſtet,
181 1016 896 1077 und ihm Gnade gegeben, daß er den Negern
185 1060 907 1135 die große Liebe und Erbarmen des Heilands,
181 1106 884 1171 wie ers ſelbſt für ſeine Perſon erfahren,
178 1155 887 1210 mit einem warmen Herzen verkündigen
176 1197 863 1247 können; und das Wort dringe in die
176 1240 867 1301 Herzen, ſo daß man alle Tage Beweiße
175 1292 376 1347 davon ſehe.
578 1312 900 1363 Der Gem. Nachr. 1770
632 1352 817 1399 29te Woche
