1000 1598
117 81 185 127 92.
207 145 904 198 Außer unſerm täglichen Gemein⸗Gang
178 189 920 238 den Sein Friede auch dieſen Monat hindurch
182 227 899 287 ſelig begleitet hat, waren inſonderheit
168 274 870 337 die Pfingſttage der ganzen Gemeine;
172 325 887 372 den 2ten Jun inſonderheit den ledigen
172 363 923 419 Brüdern, durch eine Gnadenreiche Chor⸗Com⸗
170 411 909 461 munion, und der 24te als der Gedächt⸗
180 450 880 507 niß⸗Tag Johan̅is des Täuffers, unſern
182 494 907 554 lieben Knäbgen ausgezeichnete Gnadentage.
173 544 906 598 Am erſten Pfingſttage war hier nach etℓn
175 589 908 647 Jahren, wiederum die erſte Kinderdeutſche
169 634 892 689 Predigt, und ſeit dem wird alle Sontag
174 680 929 737 in dieſer Sprache einem zahlreichen u. atten⸗
178 727 910 777 ten Auditorio von Einheimiſchen u. Fremden
177 767 903 819 das Evangelium verkündiget. Aus der
171 807 912 871 Hollſteinischen und Schwediſchen Diaspora
171 853 893 911 hielten ſich einige Brüder etliche Wochen
171 898 904 957 zum Beſuch bey uns auf, und gingen mit
146 943 904 993 einem geſegneten Eindruck wieder
158 987 893 1044 nach Hauſe. Sonſt haben wir auch das
184 1031 909 1090 vergnügen gehabt, die Geſellſchaft, der
159 1077 888 1126 nach Suriname Reiſenden einige Zeit in
168 1116 928 1171 unſrer Mitte zu haben, u. die nach S. Thomas
158 1162 894 1226 beſtim̅te Geſellſchaft iſt dermalen noch
184 1212 346 1265 bey uns.
188 1242 890 1304 Der ledige Br. Joh. Dan. Köhler, der
182 1294 898 1366 zum Gehülffen des Br. Liebiſch, bey der
785 1334 896 1381 Arbeit
