1000 1599
81 131 802 184 allem Vermögen und ließ ſichs ſauer
80 176 778 232 werden. Beſonders erſchöpfte er
80 221 823 272 ſeine Kräfte durch tragung ſeiner geweb⸗
80 261 801 311 ten Cattune, auf die Jahrmärckte. Der
82 310 804 360 Herr hatte ihn von außen und innen
82 355 785 406 geſegnet; doch hat er dabey ofte mit
78 394 796 452 Schmerzen erkan̅t, daß er ſich zu tief
83 442 779 493 in Sorgen der Nahrung eingelaßen.
93 484 781 537 Er krigte endlich einen verhärteten
82 529 802 579 Schaden im Leibe, der ihm ſeit dem
89 571 791 630 Anfang dieſes Jahres, viel zu leiden
86 621 793 674 brachte. Doch legte er ſich nicht eher,
85 659 810 718 als ſeine lezten 8 Tage. Unter großen
80 710 803 757 Schmerzen war er ſtille und gläubig
67 751 808 808 wartend auf ſeine Auflöſung, u. man
85 797 806 856 nahm ein einfältiges, am Heiland han⸗
84 847 820 905 gendes Herz bey ihm war bis ans Ende,
84 893 689 942 welches am 29ten Apr. erfolgte.
104 921 811 985 Am 3ten May hörten die Ehe⸗Leute
81 968 804 1024 eine Rede des ſeligen Jüngers leſen
88 1020 800 1065 und mit einem und dem andern,
89 1058 808 1109 wurde wegen der Kinderzucht ge⸗
87 1098 803 1155 ſprochen. Beym Sprechen zum Abend⸗
90 1144 807 1201 mahl zeigten ſich zu unſerm Troſt und
88 1193 793 1247 Freude, manche Früchte des Glaubens⸗
82 1234 400 1289 Lebens in Chriſto.
124 1276 817 1344 An unſerm lieben Bruder Sternberg und
819 64 878 116 31.
