1000 1599
90 143 825 197 werden dadurch gereizt werden, das gute auch
95 189 813 243 zu erkennen, und ſich darnach zu beſtreben,
88 230 815 286 das ſie an dem zu ihnen kom̅enden Geſchwiſtern
93 274 814 332 wahrnehmen. Das iſt nach dem Auſdruck der
91 320 643 375 Schrifft ein Lehren ohne Wort.
110 360 819 423 Der gute Hirte der Schaafe laße euch ſelbſt
94 410 706 461 auf geſunder Weide ſtarck werden.
96 452 811 504 Gott und der Vater der Gemeine habe
93 495 823 546 euch lieb und behalte euch in getreuer Hut; und
93 540 822 595 der heilige Geiſt erfülle eure Herzen mit
88 588 812 646 Seinen Früchten, und mache euch zu geſeg⸗
88 631 808 683 neten Dienern des Lam̅es; ſo werden
94 674 835 730 wir mit euch Seinem Namen ewigℓ. dancken.
110 712 798 771 2.) Pro Memoria, deßen oben erwehnt iſt:
139 763 815 812 1.) Jn Abſicht auf die See⸗Reiſe iſt zu wün⸗
90 809 812 867 ſchen, daß unſre Geſchw. ein gutes Schiff und
88 852 822 900 Capitain finden mögen. Sie mögen auch dar⸗
89 895 678 953 über den Heiland kindlich anſehen.
111 936 800 998 2.) Mit dem Logiren auf dem Schiffe hat
94 986 810 1039 man ſonderlich auf die Schweſtern zu ſehen,
90 1024 800 1081 nicht ſo wol in Abſicht auf die Com̅oditaet,
94 1071 800 1127 als vielmehr in Abſicht auf die Umſtände,
92 1113 784 1173 die was unſchickliches veranlaßen könten.
116 1158 794 1216 3.) Alles beſtändig reinlich zu halten
93 1206 795 1257 iſt unter andern Urſachen auch darum
90 1246 808 1299 nöthig, weil es zur Geſundheit dienet.
92 1290 792 1350 Den̅ ſonſt kan der Schim̅el u. üble Geruch
93 1331 444 1412 würckℓ. nachtheilig ſeyn.
847 77 888 127 9.
