1000 1599
88 131 814 198 ihm, und ſo iſt auch ſeine Frau. Es ſind
85 182 784 238 wenige ihres gleichen unter dieſer
83 216 816 283 Nation anzutreffen, und wir glauben
86 266 800 331 fäſt, daß Er als ein vom Herrn
86 314 809 378 gewonener, am Ende in Seine Arme
81 355 800 414 hinein laufen wird. Unſer Zug mit
89 402 829 458 der Horde ging mehrentheils im̅er am
88 439 816 501 Don hinunter und wir kamen faſt
86 494 824 549 Rostow gegen über, welches auf jener
86 537 817 592 Seite liegt. Wen̅ wir noch einen
90 577 800 641 Tag weiter gezogen wären, hätten
80 628 810 686 wir, wie uns die Calmuken ſagten,
89 671 816 735 die Caucaſiſchen Gebürge ſehen können.
92 710 808 770 Vom ſchwarzen Meere wären wir eben
92 755 815 816 auch nicht mehr weit. Jn Erlern̅ung
80 799 822 859 der Calmuckiſchen Sprache glauben wir
85 842 843 908 jezt über das ſchwerſte weg zu ſeyn.
72 880 782 947 Wir bemühen uns nun von ihren
88 932 778 987 Schrifften zu krigen um daraus ihre
94 967 806 1040 geiſtliche Ausdrücke zu lernen, u. ſind
97 1015 819 1082 jezo mit abſchreiben eines ihrer Geſez⸗
82 1062 803 1125 Bücher beſchäftiget. Jhre Bücher ſind
98 1108 814 1165 alle in der Monguliſchen Sprache ge⸗
98 1157 795 1210 ſchrieben, und ſo alt, daß ſie viel
100 1195 844 1257 Calmucken ſelber nicht verſtehen können.
153 1236 816 1317 8.) Bericht der Gemeine in Zeyſt vom
211 1296 575 1368 Monat Juny 1770.
832 56 882 112 91.
