1000 1599
89 132 827 194 in dieſem Jahr nicht mit den Calmuken
86 183 800 240 ziehen, ſondern hier bleiben, es wird
89 230 813 286 aber bedacht drauf genom̅en werden,
89 272 810 329 daß ſie im̅er Gelegenheit haben mögen,
90 312 803 372 mit den Calmucken in Bekantſchaft zu
89 357 792 414 bleiben und fernerhin in der Sprache zu
88 402 807 464 profitiren. Br. Hamel iſt zu dem Ende
88 449 804 499 in den Laden gekom̅en und vor Br. Neiz
89 486 827 550 wird ſich auch noch eine ſchickliche Arbeit fin⸗
87 533 805 589 den. Bruder Kutſchera befindet ſich in
85 578 810 636 der Leinweberey und Br. Grabſch bey der
90 621 813 683 Beutlerey wohl und vergnügt. Wir wißen
86 668 813 725 noch nicht, wie balde ſich eine Gelegenheit
93 715 826 764 machen wird, daß ſie beyde nach den Cau⸗
90 759 782 819 caſischen Gebürgen gehen können; wir
96 800 816 853 werden aber auch darin̅ keine Zeit ver⸗
88 843 835 899 ſäumen. Weil meine bisherige Meiſterſchaft
88 888 814 946 in der Schreinerey mir in vieler Abſicht
95 930 816 991 zu ſchwer wurde und meine Kräfte nicht
92 978 818 1029 mehr dabey zureichen wollen, ſo habe zu
90 1018 838 1081 Oſtern dem Br. Haecker die Meiſterſchaft
95 1066 822 1128 ganz übergeben und ich behalte nun nebſt
91 1111 816 1169 meinen übrigen Geſchäften die Glaſerey.
121 1157 811 1212 Unſre Anzahl ist überall zu gering und
90 1201 806 1257 wenig, ſo daß wir oft ins Gedränge
91 1245 805 1301 kom̅en; und doch ſolten wir auch bey
100 1284 810 1356 der äußerlichen Arbeit nie vergeßen
823 64 881 127 53.
