1000 1599
123 142 815 209 Zu den Verwittweten Geſchwiſtern bekan̅te
87 189 836 248 ſich der Heiland an ihrem Chor⸗Feſt im Febr.
84 235 823 295 beſonders gnädig, und ſie verbanden ſich beym
88 280 822 335 Lobe⸗Kelch zu neuer Treue gegen den Heiland.
89 321 838 383 Am Feſt aller Chöre im Merz hatten alle Abthei⸗
90 372 810 424 lungen der Gemeine begnadigte Anbeten, be⸗
89 414 800 490 ſonders aber war es den großen Mädgen
87 461 726 512 ein Tag der Freuden und des Segens.
98 501 813 558 Heimgegangen ſind: d. 24tn Jan. die ledige
86 543 819 599 Schweſter Sally Creek, und im Febr. der ledige
88 586 848 649 Bruder Dorabrook u. die led. Schweſtern Grace
88 633 549 688 Thornton u. Elis. Thornton.
125 678 818 734 Von den Land⸗Gemeinen iſt überhaupt an⸗
87 721 803 774 zu mercken: daß ſich der Heiland gnädig
91 763 797 825 zu ihnen bekan̅t. Jn Mirfield hatten ſie
86 814 825 865 im Monat Merz die erſte Aufnahme in die
90 856 839 913 Gemeine, da 5 Perſonen dieſe Gnade wieder⸗
89 898 816 954 fuhr, und war für die ganze Gemeine
90 945 818 998 ein anmercklicher Tag. Jn Gumerſal iſt eine
95 985 849 1043 ledige Schweſter zum erſtmaligen Genuß
96 1031 821 1089 des heiligen Abendmahls gelangt u. eine
95 1077 808 1132 in die Gemeine aufgenom̅en worden. Jn
104 1118 806 1172 Wyk iſt eine Wittwe heimgegangen, und
86 1166 822 1219 überhaupt ſind verſchiedene Perſonen außer
88 1209 820 1264 den Societaeten aufs Verdienſt Jeſu ſelig
100 1252 827 1318 verſchieden. Jm Febr. brachte Br. Zander ſeinen
88 1296 809 1368 Sohn Johannes Friedrich von Wyke in die
831 67 886 135 65.
