1000 1599
92 131 826 191 antworteten ſie: es wird für ſie ge⸗
88 177 826 238 betet, und wen̅ ſie nur fleißig opfern,
86 221 816 286 ſo hat es mit ihnen keine Noth. Ueber der
83 266 813 324 Schöpfung der Welt, haben ſie ſich gegen
87 309 819 359 uns ſo erklärt: Es ſey ſchon vor dieſer eine
86 350 813 393 Welt geweſen, und die ſey im Waßer
81 387 791 437 unter gangen. Da ſey nur ein einiger
88 423 813 480 Menſch, ein großer Heiliger, Lama, der
91 464 825 523 zugleich ein Gott geweſen, übrig geblieben,
90 511 813 564 und der habe einige der Menſchen, die
89 547 815 606 auf der vorigen Welt gelebt hätten,
82 586 642 651 wieder zu Menſchen gemacht.
120 636 819 686 Weil zu der Zeit noch keine Sonne
90 675 821 732 geweſen ſey, ſo hätten ſie einen ſolchen
86 718 832 774 hellen Glanz um ſich gehabt, daß ſie damals
91 762 810 821 keine Sonne nöthig gehabt hätten. Da
90 808 833 867 aber die Menſchen ſchlechter geworden,
91 851 850 909 habe ſich der Glanz verloren u. darauf
95 896 806 943 ſey erſt die Sonne worden. Das
91 934 827 993 Menſchliche Alter ſey damals auf 80000
102 978 836 1039 Jahr gekom̅en, und die Menſchen wären
99 1028 825 1081 von ungemeiner Größe geweſen, und
96 1069 805 1126 ſo auch das Vieh nach Proportion, ſo
99 1105 845 1170 daß die länge eines Pferdes 193 Klaf⸗
90 1151 832 1219 ter geweſen ſey. Das menſchliche Alter
98 1202 836 1259 nehme alle 100 Jahre um 1 Jahr ab, und
100 1253 841 1313 das ſey izo ſchon ſo weit gekom̅en, daß
103 1294 813 1367 das höchſte Alter 100 Jahr ſey und das
823 60 880 117 83.
