1000 1598
124 70 155 126 8.
181 135 874 189 wir ſo mit ihnen handeln, wie unſer Herr
177 180 901 242 Jeſus Chriſtus mit ihnen umgehet; ſo haben
170 225 715 276 wir gewiß die beſte Methode.
221 265 902 324 Wolten unſre lieben Brüder u. Schweſtern
170 311 911 372 die neu zu den Heiden gehen; ihren ganzen
176 358 909 411 Gang vor dem Herrn bedencken, u. alles
173 403 896 457 das noch vorher, ehe ſie zu ihnen kom̅en,
173 446 906 501 in die See begraben, was ſie von dem
180 491 904 542 verderbten Genio und der verkehrten
170 537 905 591 Art zu dencken, zu reden u. zu handeln,
175 578 901 640 noch an ſich finden; ſo würden ſie, nicht
169 630 903 678 nur dem Heiland brauchbarer, ſondern
170 669 917 729 auch den Geschwiſtern, zu denen ſie kom̅en,
169 714 908 774 geſegneter und erbaulicher ſeyn. Paulus
164 760 875 814 enthielt ſich nicht nur der Dinge, die
171 806 908 861 an ſich ſündich waren, ſondern auch aller
169 851 884 898 ſolcher Sachen, die er Macht zu thun
166 892 904 944 hatte, und worinne er kein Unrecht fand,
161 929 722 984 die aber doch nicht from̅eten.
172 980 897 1032 Wen̅ unſre l. Brr. und Schwn, die nun
163 1016 904 1079 im Namen Gottes abreiſen, den Geschwiſtern
166 1063 901 1119 in West-Indien u. Süd-America welche vor
167 1110 900 1167 ihnen da geweſen u. die ſchon manches er⸗
166 1154 859 1220 fahren haben, mit vieler Ehrerbietung
159 1202 865 1254 entgegen gehen und von ihnen lernen
152 1249 872 1303 was ſie gutes an ihnen finden; ſo wirds
167 1293 879 1360 ihnen ſelbſt ein Segen ſeyn, u. die andern
767 1340 873 1376 werden
