1000 1599
115 69 173 119 52.
171 136 866 195 und wendete überhaupt alle mögliche
169 180 873 241 Hülfs⸗Mittel an, in Hofnung daß er
167 222 896 286 wieder zu ſich kom̅en ſolte, und er fing
169 269 894 321 auch an recht ſchön auszuſehen, wie einer
169 311 898 364 der in ſanftem Schlafe lieget. Nachdem
170 355 897 406 man bey nahe 3 Stunden allerley probirt,
172 400 890 450 ſo wurde er auf heiß gemachten Sand
171 442 898 498 gelegt und damit überſchüttet, u. damit
163 485 899 546 bis Mitternacht continuirt, da man aus
165 532 872 589 einigen Verändrungen mercken kon̅te,
162 577 891 636 daß ſeine Seele in die Arme ihres Er⸗
170 628 893 682 löſers schon über gegangen ſey. Wegen
164 674 864 718 warmer Witterung wurde ſeine
171 705 904 770 Hütte folgenden Tages d. 8ten May gegen
170 754 901 813 Abend auf unſern Gottes⸗Acker beerdi⸗
168 798 903 864 get, wobey alle Geſchwiſter mit einem
168 847 896 913 gerührten und theilnehmenden Herzen
172 901 519 946 zu gegen waren.
198 933 898 992 Wir haben an unſerm ſeligen Bruder
151 979 892 1039 Brey einen ſehr brauchbaren Bruder
181 1020 876 1077 verloren, und ſind beküm̅ert, wie
175 1063 901 1118 wir ſeine Stelle wieder werden beſezen
169 1101 888 1166 können. Bruder Muschbach der 7 Monat
176 1153 895 1209 ſein Gehülfe in der Licht⸗Gießerey
172 1200 891 1260 geweſen, wird die Profeßion inzwiſchen
176 1240 840 1307 fort ſezen, ſo gut ſichs thun läßt.
180 1294 897 1362 Unſre Brüder Neiz u. Hamel werden
823 1341 872 1374 in
