1000 1599
132 144 800 213 Bey Gelegenheit der Revüe, waren
92 198 800 249 9 wendiſche Soldaten, auch einige von
82 238 814 294 Franckfurth und Potsdam bey uns zum
93 283 807 343 Beſuch und genoßen verſchiedene Ver⸗
83 335 404 384 ſamlungen mit.
120 367 836 426 Unſre Jugend hat dieſen Monat Unter⸗
82 417 810 475 richt gehabt, von den Ständen der Ernied⸗
77 461 773 520 rigung und der Erhöhung Chriſti, von
87 511 806 559 Seinen Dienern, von Seinen Schaafen,
89 548 802 604 und von dem Straf⸗Amte des heiligen
88 593 800 652 Geiſtes. Jhr Gemeintag war mit einem
88 644 713 698 ſeligen Gnaden⸗Wehen geſegnet.
122 680 811 744 Unſre Wittwen hörten eine Rede
86 726 827 781 aus den Wochen, und hatten eine Homi⸗
86 771 792 821 lie von dem Liebes⸗ und Gnaden⸗
92 814 707 865 Bunde des Heilands mit ihnen.
96 861 807 914 Die Ledigen Schweſtern hatten ein
88 906 779 955 begnadigtes Chor⸗Feſt, das ſie mit
83 946 805 1003 dem Kelch der Dankſagung beſchloßen.
91 994 768 1046 Es waren ihrer über 60, ohne die
93 1033 791 1093 großen Mädgen, und die deutſchen
83 1076 808 1132 Schweſtern. Sie gelobten Gott ihrem Hld.
90 1122 804 1177 aufs neue, Seine zu ſeyn, und zu bleiben,
90 1167 802 1221 und baten ſich Seine Heiligung u. Blut⸗
91 1211 807 1265 beſprengung dazu aus. 7 Mädgen wurden
89 1265 544 1312 in ihr Chor auf genom̅en.
114 1296 808 1375 Die Gemeine hat der Heilige Geiſt
820 74 880 135 33.
