1000 1598
126 145 805 211 Zum Genuß des heiligen Abendmahls,
84 195 815 253 welches die Gemeine in den Monaten
85 242 832 298 3 mal ſeliglich begangen, wurde im Januar
82 283 661 339 ein lediger Bruder confirmirt.
125 320 798 388 Jn der Paßions⸗Zeit hat ſich der
85 369 813 435 heilige Geiſt beſonders kräftig an den
87 416 818 475 Herzen der Geſchwiſter bewieſen, u.
87 458 818 516 hat ſonderlich am 25ten Merz der Ge⸗
82 502 825 549 meine einen neuen lebendigen Eindruck
92 543 824 606 von Jeſu Menſchwerdung und Todt ge⸗
87 593 836 652 geben; dafür ſie mit gebeugten Herze,
89 638 821 693 angebetet haben. Die großen Mäd⸗
93 677 814 739 gen feyerten ihr Feſt d. 26ten nach,
87 718 802 776 mit einem vergnügten Liebesmahl,
88 767 582 815 Homilie und Anbeten.
162 804 801 870 8.) Von Bedford, vom Januar
269 849 675 901 bis Mart. 1770.
123 891 814 956 Am 17ten Jan. beging die Gemeine
98 938 828 999 den Gedencktag ihrer Einrichtung vor
92 980 819 1048 25 Jahren, mit Freude und Danck für
95 1023 819 1082 alles gute, das ihr der Heiland hat
99 1066 825 1134 zufließen laßen. Beym Liebesmahl
98 1124 840 1174 erin̅erte man ſich unter andern, daß
93 1165 810 1218 ſeit dem Anfang dieſer Gemeine
79 1209 827 1272 im Jahr 1745, 258 Perſonen in die
94 1257 838 1328 Gemeine aufgenom̅en 138 Kinder geboren
831 79 887 121 67.
